4159 6300
1949 759 2060 828 111

284 984 492 1044 missus
535 983 774 1043 fuisset?
819 982 965 1042 Erat
1021 992 1219 1042 autem
1272 985 1378 1043 illa
1419 986 1555 1044 urbs
1611 982 1904 1060 Jotapata
1961 983 2401 1059 receptaculum
2457 980 2843 1039 firmissimum
2886 988 3099 1038 natura
3141 979 3374 1054 situque
3420 967 3491 1035 ac
3535 993 3700 1034 mon·

285 1087 439 1146 tibus
492 1086 638 1144 aviis
681 1084 941 1143 validum
984 1102 1055 1144 ac
1098 1102 1282 1161 prope
1327 1086 1782 1163 inexpugnabile
1830 1081 1892 1163 (l.
1938 1090 2041 1157 c.),
2089 1082 2440 1160 „profundis
2495 1082 2748 1142 vallibus
2803 1081 2956 1140 adeo
3012 1097 3335 1156 praeceps,
3383 1086 3448 1135 ut
3490 1078 3551 1135 in
3594 1093 3700 1133 eas

289 1185 624 1263 prospicere
668 1186 1024 1262 cupientium
1067 1187 1228 1246 visus
1283 1197 1419 1246 ante
1475 1188 1712 1247 deficiat
1767 1205 1944 1263 quam
2005 1186 2082 1243 ad
2126 1185 2304 1242 imum
2357 1183 2700 1253 adveniat“,
2740 1182 2923 1240 semel
2985 1180 3115 1257 jam
3159 1189 3299 1241 ante
3342 1176 3701 1255 Vespasiani

288 1288 627 1358 adventum,
666 1289 780 1346 sed
822 1287 1039 1347 frustra
1083 1306 1122 1346 a
1162 1289 1412 1348 Placido
1458 1296 1867 1365 oppugnatum
1921 1287 2026 1362 (ib.
2070 1305 2204 1362 cap.
2252 1287 2288 1344 6
2334 1289 2382 1356 5.
2434 1284 2514 1359 1).
2603 1282 2791 1357 Cujus
2834 1282 3063 1342 castelli
3105 1282 3279 1342 situm
3323 1292 3384 1342 et
3428 1292 3702 1341 natm-am

287 1388 507 1465 primus
568 1390 788 1464 reperit
851 1398 911 1447 et
963 1389 1100 1447 visit
1153 1398 1215 1447 et
1271 1399 1547 1449 accurate
1604 1389 1915 1465 descripsit
1967 1397 2170 1448 noster
2231 1387 2375 1446 civis
2430 1395 2491 1443 et
2545 1385 2798 1457 amicus,
2855 1383 3028 1444 Gust.
3083 1382 3345 1456 Schultz,
3387 1385 3704 1441 immatura

286 1471 475 1549 morte
517 1508 744 1549 summo
788 1499 848 1549 et
890 1508 1127 1548 suorum
1169 1500 1228 1548 et
1272 1491 1573 1549 literarum
1617 1489 1966 1549 detrimento
2010 1491 2290 1564 abreptus
2333 1487 2575 1563 (Ritter,
2609 1487 2760 1545 Asia
2782 1486 2956 1545 VIII.
2988 1494 3161 1561 parte
3190 1486 3247 1553 6,
3293 1505 3350 1562 p.
3374 1484 3498 1543 765
3522 1481 3700 1558 sqq.).

289 1590 502 1650 Statim
554 1592 732 1668 igitur
773 1610 812 1649 a
855 1590 1213 1667 Vespasiani
1256 1592 1530 1650 militibus
1572 1593 1844 1669 cingitur,
1888 1593 2220 1665 acriterque
2266 1606 2374 1664 pro
2417 1588 2552 1645 loco
2596 1596 2657 1645 et
2698 1586 2916 1645 viribus
2939 1595 3185 1662 pugnat,
3231 1596 3297 1643 ut
3333 1603 3451 1644 uno
3473 1584 3702 1661 proelio

286 1692 567 1751 tredecim
610 1694 862 1752 hostium
903 1692 1262 1765 interfectos,
1305 1694 1635 1769 complures
1678 1693 1980 1753 sauciatos
2024 1691 2202 1750 fuisse
2246 1689 2467 1749 referat
2508 1691 2669 1763 (cap.
2715 1690 2753 1745 7
2801 1693 2851 1759 5.
2899 1688 2985 1762 5).
3073 1688 3222 1746 Mox
3265 1688 3471 1764 paucis
3494 1686 3704 1744 diebus

288 1792 640 1868 interjectis,
684 1813 890 1870 quum,
942 1793 1241 1852 missilium
1291 1795 1573 1854 machinis
1630 1795 1791 1854 circa
1842 1795 2042 1853 urbem
2089 1811 2126 1850 a
2168 1791 2634 1867 septemtrionali
2676 1798 2878 1868 parte,
2921 1789 3021 1848 ubi
3062 1791 3253 1848 solum
3296 1788 3444 1847 adiri
3485 1787 3698 1862 potuit,

281 1894 409 1970 jam
454 1895 678 1972 positis,
721 1896 1119 1953 Romanorum
1174 1903 1361 1953 artem
1421 1896 1558 1954 belli
1602 1905 1662 1954 et
1705 1895 1976 1972 peritiam
2018 1893 2212 1951 vereri
2254 1892 2570 1969 coepisset,
2611 1892 2688 1949 de
2730 1891 2877 1968 fuga
2920 1891 3129 1949 iterum
3173 1910 3307 1949 cum
3351 1888 3704 1966 primoribus

289 1994 616 2072 Jotapatae
661 1996 1035 2065 deliberavit3
1079 1996 1187 2054 sed
1227 1995 1538 2071 impeditus
1584 2015 1623 2055 a
1665 1995 2051 2066 multitudine,
2113 1994 2447 2069 frustraque
2492 2002 2742 2052 conatus
2783 1990 2855 2051 iis
2900 1993 3260 2069 persuadere
3303 1992 3408 2066 (ib.
3455 1996 3503 2062 5.
3557 1986 3702 2067 16.).

290 2116 358 2157 se
408 2098 638 2156 illorum
688 2097 1095 2155 tantummodo
1150 2097 1459 2155 commodo
1502 2115 1875 2175 egressurum
1919 2116 1998 2155 ex
2038 2097 2203 2168 urbe,
2247 2097 2406 2171 quod
2449 2095 2702 2153 Romani
2761 2095 2952 2170 ipsum
3007 2094 3200 2153 solum
3249 2107 3468 2168 capere
3525 2109 3706 2165 quum

288 2198 544 2258 maxime
585 2207 870 2274 cuperent
924 2205 986 2255 et
1026 2198 1179 2256 hanc
1222 2199 1298 2257 ob
1341 2215 1586 2257 causam
1629 2199 1709 2256 ad
1761 2198 2126 2256 obsidionem
2184 2197 2583 2273 oppidumque
2638 2197 3094 2272 expugnandum
3148 2194 3556 2254 vehementius
3601 2211 3706 2250 ex·

291 2301 630 2372 citarentur,
674 2318 781 2375 per
821 2299 941 2356 vim
982 2298 1268 2357 retinetur
1323 2307 1385 2358 et
1426 2308 1549 2359 tum
1590 2317 1734 2358 vero
1780 2298 2136 2357 necessitate
2180 2306 2424 2356 coactus
2466 2299 2682 2357 bellum
2726 2315 2858 2356 cum
2902 2314 3131 2356 summa
3173 2296 3484 2355 alacritate
3529 2312 3708 2369 quam

292 2401 611 2461 diutissime
654 2401 868 2458 ducere
911 2400 1128 2471 studet,
1170 2400 1588 2476 desperatione
1631 2402 1821 2477 magis
1863 2417 2040 2477 quam
2084 2418 2192 2475 spe
2236 2399 2463 2471 salutis,
2506 2401 2593 2458 ita
2635 2409 2701 2457 ut
2745 2398 3145 2457 obsessionem
3190 2397 3349 2457 urbis
3392 2413 3582 2471 usque
3627 2395 3706 2453 ad

292 2502 804 2579 quadragesimum
866 2501 1177 2577 septimum
1219 2501 1373 2560 diem
1432 2511 1777 2561 moraretur.
1861 2503 1957 2560 Ac
2024 2510 2148 2559 tum
2190 2502 2422 2559 demum
2485 2508 2829 2578 expugnata
2870 2508 2964 2559 est
3029 2500 3338 2557 incruenta
3391 2514 3585 2572 paene
3633 2497 3709 2554 ab

290 2603 574 2664 Romanis
629 2603 910 2674 victoria,
963 2619 1074 2661 nee
1128 2601 1254 2661 sine
1308 2600 1529 2662 Judaei
1586 2602 1836 2678 alicujus
1888 2603 2235 2678 transfugae
2288 2600 2496 2660 fraude
2543 2619 2614 2661 ac
2658 2600 2992 2678 proditione
3037 2597 3202 2678 (ibid,
3249 2605 3297 2671 5.
3346 2596 3485 2677 33);
3534 2616 3708 2673 quem

291 2706 393 2763 vix
437 2705 702 2764 abstineo
755 2705 894 2780 quin
946 2703 1129 2778 ipsius
1182 2701 1431 2778 Josephi
1480 2704 1859 2783 instigatione
1900 2705 2272 2764 clandestina
2325 2713 2387 2762 et
2448 2704 2698 2778 impulsu
2761 2703 2840 2761 ad
2880 2704 3083 2762 hostes
3127 2701 3348 2778 fugisse
3387 2702 3708 2774 urbemque

291 2805 617 2881 prodidisse
681 2791 990 2882 suspicer(
1078 2803 1257 2878 Quod
1318 2805 1537 2863 crimen
1591 2820 1737 2864 sane
1798 2824 1974 2881 quam
2031 2804 2441 2881 gravissimum
2498 2805 2610 2863 etsi
2662 2804 2838 2863 certis
2892 2803 3257 2863 documentis
3322 2801 3705 2860 demonstrari

291 2914 566 2980 nequeat,
606 2905 667 2964 id
710 2907 868 2982 quod
910 2922 1084 2965 nemo
1135 2906 1261 2963 fere
1305 2906 1694 2982 exspectabit,
1752 2906 2081 2966 confirmari
2139 2914 2340 2964 tamen
2385 2906 2646 2966 auctoris
2704 2905 2889 2981 ipsius
2941 2903 3277 2963 testimonio
3339 2920 3518 2979 posse
3567 2898 3702 2958 mihi

291 3006 537 3091 videtur.
644 3007 706 3067 N
708 3025 803 3066 am
845 3024 1025 3081 quum
1066 3006 1522 3083 quadragesimo
1574 3016 1636 3065 et
1687 3007 1940 3083 septimo
1995 3006 2314 3066 obsidionis
2358 3007 2486 3079 die,
2554 3007 2876 3084 aggeribus
2918 3007 3320 3065 Romanorum
3355 3003 3484 3079 jam
3528 3019 3707 3078 supra

294 3106 660 3168 altitudinem
700 3126 995 3168 murorum
1037 3108 1280 3182 evectis,
1324 3109 1632 3189 transfuga
1668 3108 1779 3169 iste
1824 3108 2203 3186 Vespasiano
2248 3108 2595 3186 aperuisset,
2639 3108 2799 3168 circa
2843 3115 3170 3168 extremam
3212 3107 3404 3167 noctis
3445 3105 3709 3183 vigiliam

292 3211 571 3270 custodes
611 3210 770 3269 urbis
813 3210 891 3268 ad
933 3228 1112 3269 unum
1154 3229 1357 3270 omnes
1398 3213 1661 3289 requiem
1704 3221 1765 3270 et
1806 3229 2074 3270 somnum
2118 3228 2197 3268 ex
2237 3211 2407 3270 malis
2456 3211 2571 3269 diei
2615 3228 2922 3286 quaerere,
2963 3228 3082 3269 non
3105 3219 3332 3268 tantum
3355 3209 3481 3268 sine
3505 3223 3711 3285 pugna

294 3319 360 3370 et
400 3312 562 3371 nullo
602 3312 913 3371 resistente
955 3312 1129 3371 Titus
1172 3322 1237 3373 et
1276 3313 1559 3374 Placidus
1602 3332 1735 3373 cum
1774 3312 1981 3389 paucis
2024 3312 2300 3370 militibus
2343 3331 2542 3372 arcem
2584 3321 3058 3389 occupaverunt»,
3112 3312 3219 3370 sed
3273 3311 3479 3381 etiam,
3532 3327 3712 3385 quum

290 3412 419 3489 jam
457 3413 635 3489 plane
666 3413 793 3472 dies
833 3413 1143 3491 illuxisset,
1185 3416 1245 3474 in
1286 3415 1541 3475 mediam
1584 3414 1884 3473 civitatem
1928 3421 2411 3490 penetraverunt,
2463 3414 2671 3473 incolis
2724 3433 2800 3473 ne
2856 3422 2978 3472 tum
3030 3412 3264 3488 quidem
3315 3412 3710 3471 imminentem

294 3515 593 3574 interitum
634 3513 1015 3574 sentientibus
1058 3512 1160 3593 (ib.
1216 3520 1301 3588 55.
1359 3516 1461 3575 33.
1516 3516 1664 3590 34.).
1761 3514 1937 3591 Quod
1990 3533 2109 3590 quo
2162 3516 2340 3575 modo
2395 3516 2524 3575 fieri
2567 3516 2827 3593 potnerit
2867 3517 2928 3575 in
2969 3517 3114 3574 urbe
3157 3512 3540 3573 munitissima
3581 3514 3707 3571 sine

299 3633 527 3676 summa
568 3616 732 3675 ducis
778 3625 881 3675 aut
920 3616 1146 3676 incuria
1186 3625 1251 3675 et
1292 3616 1655 3694 negligentia
1697 3624 1801 3677 aut
1842 3616 2150 3676 voluntate
2195 3627 2258 3677 et
2312 3618 2541 3689 fraude,
2597 3618 2874 3694 equidem
2915 3635 3034 3677 non
3092 3617 3377 3694 intelligo.
3475 3613 3712 3677 Deinde

296 3735 464 3790 vero,
517 3717 601 3776 id·
620 3717 781 3793 quod
830 3718 1212 3777 certissimum
1268 3717 1406 3776 mihi
1448 3717 1680 3777 videtur
1743 3718 1957 3794 culpae
2001 3726 2431 3796 argumentum,
2475 3737 2652 3795 quum
2697 3720 2946 3795 posthac
2989 3716 3290 3795 Iosephus
3335 3726 3544 3792 eaptus
3587 3717 3711 3775 Ve-

298 3819 599 3896 spasiano,
641 3835 842 3878 coram
883 3817 1005 3877 filio
1047 3819 1188 3878 Tito
1231 3820 1576 3895 duobusque
1621 3818 1822 3879 amicis
1840 3863 1856 3893 ‚
1900 3820 2408 3897 praenunciasset,
2452 3839 2586 3879 eum
2637 3819 2960 3882 Caesarem
3003 3829 3065 3879 et
3103 3820 3531 3894 Imperatorem
3572 3833 3712 3876 mox

298 3920 363 3979 in
380 3919 634 3979 Neronis
655 3919 851 3978 locum
877 3929 1186 3979 venturum
1207 3930 1271 3979 et
1314 3921 1464 3979 alter
1487 3921 1807 3980 amicorum
1848 3940 1915 3981 se
1957 3923 2157 3981 mirari
2200 3922 2462 3994 dixisset,
2506 3924 2666 3997 quod
2708 3929 2879 3981 tanta
2919 3939 3112 3981 rerum
3157 3922 3482 3980 futurarum
3522 3920 3711 3979 scien·

298 4023 388 4081 tia
429 4022 759 4099 praeditus,
822 4039 993 4081 suam
1055 4021 1183 4099 ipse
1235 4023 1645 4098 captivitatem
1686 4022 1961 4099 urbisque
2006 4023 2297 4083 excidium
2341 4041 2459 4083 non
2505 4024 2791 4095 novisset,
2835 4022 3136 4100 «Iosephus
3175 4023 3482 4099 respondit
3525 4022 3609 4093 (d.
3653 4022 3711 4078 b.

292 4123 339 4199 j.
384 4124 527 4196 III.,
572 4124 608 4182 7
656 4128 703 4194 5.
759 4118 824 4202 9)
877 4119 1255 4199 Jotapatenis
1309 4126 1509 4200 utique
1552 4142 1619 4183 se
1677 4123 2047 4201 praedixisse
2104 4135 2166 4184 et
2219 4125 2510 4185 excidium
2553 4136 2692 4202 post
2730 4125 3042 4202 septimum
3088 4134 3149 4184 et
3191 4123 3711 4200 quadragesimum

294 4225 453 4283 diem
495 4223 948 4300 oppugnationis
990 4235 1052 4284 et
1092 4224 1218 4283 fore
1262 4233 1327 4284 ut
1369 4226 1494 4301 ipse
1540 4227 1717 4285 vivus
1775 4245 1814 4285 a
1856 4227 2141 4287 Romanis
2182 4236 2517 4305 caperetur.
2628 4227 2837 4302 Quae,
2898 4226 3151 4302 captivis
3204 4226 3358 4284 clam
3402 4223 3710 4300 inquisitis,

298 4343 445 4384 vera
494 4333 732 4401 reperta
782 4335 933 4386 sunt.
1044 4325 1268 4400 Quibus
1324 4321 1589 4387 omnibus
1657 4328 1767 4386 rite
1835 4328 2222 4387 consideratis
2301 4337 2365 4387 et
2418 4338 2558 4405 apte
2616 4328 2945 4403 conjunctis
2988 4328 3141 4386 inter
3181 4345 3270 4404 se,
3315 4344 3432 4403 ego
3476 4325 3710 4401 quidem

294 4445 417 4487 non
469 4427 701 4499 dubito,
751 4428 890 4503 quin
941 4425 1242 4504 «Iosephus
1301 4446 1479 4505 quum
1531 4429 1816 4489 Romanis
1871 4429 2065 4488 resisti
2107 4448 2226 4489 non
2271 4447 2449 4505 posse
2493 4429 2903 4501 intellexisset,
2945 4448 3095 4489 suae
3139 4428 3310 4487 unius
3353 4427 3530 4486 saluti
3574 4442 3707 4501 pro·

294 4528 550 4605 spic-iens
592 4528 860 4587 consulto
903 4546 975 4587 ac
1018 4529 1420 4589 fraudulenter
1459 4549 1583 4590 rem
1627 4532 1713 4590 ita
1754 4531 2142 4602 constituerit,
2187 4540 2251 4589 ut
2293 4528 2590 4606 Jotapata
2627 4531 2690 4589 in
2732 4547 2940 4590 manus
2977 4548 3181 4589 eorum
3207 4529 3436 4587 veniret
3463 4528 3710 4602 ipseque

298 4647 366 4689 se
406 4629 617 4689 saltem
656 4637 940 4689 servaret.
1024 4632 1151 4690 Aut
1197 4633 1350 4691 enim
1393 4641 1564 4692 vates
1606 4631 1735 4706 fuit,
1781 4651 1956 4692 verus
1989 4632 2087 4691 dei
2131 4633 2420 4709 interpres
2466 4640 2529 4689 et
2569 4649 2766 4708 sagax
2806 4631 3009 4692 divino
3052 4649 3158 4690 ore
3205 4630 3407 4689 futura
3427 4627 3708 4705 pandere,

298 4737 406 4790 aut
444 4731 653 4790 callide
696 4731 782 4790 ita
824 4750 947 4791 rem
988 4742 1405 4809 composuerat
1425 4776 1444 4806 ,
1500 4743 1569 4793 ut
1624 4734 1719 4793 die
1773 4734 2232 4811 quadragesimo
2274 4735 2526 4811 septimo
2569 4733 2889 4793 constituto
2933 4734 3134 4792 hostes
3178 4733 3320 4791 urbe
3365 4731 3708 4807 potirentur.

300 4832 564 4909 Quorum
604 4843 797 4892 utrum
839 4852 1040 4894 verum
1082 4834 1193 4908 sit,
1236 4853 1354 4894 nou
1416 4833 1589 4895 facile
1633 4854 1987 4913 quemquam
2049 4845 2252 4912 putem
2319 4835 2732 4894 dubitaturum.
2839 4835 2979 4894 Non
3045 4833 3226 4911 igitur
3287 4834 3344 4892 ei
3405 4832 3711 4892 credemus

300 4933 632 5006 aim-manti,
677 4952 898 5010 „saepe
918 4954 985 4995 se
1020 4946 1261 5013 optasse
1286 4935 1482 5012 potius
1505 4937 1689 4995 emori
1711 4955 1888 5013 quam
1913 4937 2111 5014 patria
2153 4936 2389 5015 prodita
2433 4946 2495 4996 et
2535 4937 2674 4995 belli
2714 4936 2823 4995 sibi
2867 4935 3160 4995 commissi
3208 4934 3709 4995 administratione

303 5036 702 5110 „dedecorata
744 5038 904 5113 apud
943 5037 1077 5097 illos
1117 5036 1365 5097 feliciter
1406 5037 1589 5096 vitam
1632 5038 1851 5115 degere
1865 5080 1881 5110 ,
1924 5039 2268 5112 quibuscum
2309 5046 2632 5117 pugnatum
2673 5038 2883 5097 missus
2925 5036 3191 5097 fuisset“.

507 5137 722 5214 Neque
764 5139 1081 5215 captivitas
1144 5139 1304 5198 omni
1368 5138 1588 5198 fraudis
1629 5139 1964 5217 suspicione
2029 5150 2212 5200 caret.
2281 5139 2533 5200 Etenim
2573 5148 2890 5215 postquam
2951 5140 3092 5198 urbs
3156 5145 3338 5214 capta
3399 5145 3462 5195 et
3504 5138 3712 5197 crude-

298 5237 517 5299 linitae
557 5238 850 5300 saevitum
891 5249 985 5301 est
1025 5251 1235 5301 contra
1287 5237 1589 5313 «Iudaeos,
1652 5259 1901 5317 quorum
1964 5254 2073 5318 per
2137 5242 2502 5301 obddionem
2567 5241 2645 5300 ad
2686 5239 3088 5319 quadraginta
3134 5238 3317 5298 millia
3367 5237 3712 5298 interemtos
