4159 6300
520 943 689 1014 Seth,
728 941 884 1003 filius
923 943 1167 1015 Adami,
1212 941 1457 1018 ejusque
1498 942 1836 1019 progenies,
1878 941 2160 1001 vaticinio
2205 940 2391 1018 patris
2433 939 2508 999 de
2561 938 2800 999 interitu
2843 941 3044 999 mundi
3085 949 3425 1016 comperto,
3491 959 3726 1001 omnem

310 1044 612 1105 scientiam
655 1061 850 1103 reram
892 1044 1221 1105 diviua-un
1264 1062 1336 1103 ac
1376 1044 1791 1115 humanarum,
1857 1043 2027 1118 cujus
2076 1042 2333 1100 maxime
2386 1051 2691 1118 compotes
2734 1040 2999 1115 fuerunt,
3062 1058 3434 1119 propagasse
3475 1044 3727 1102 &aditur

308 1147 463 1215 (sat.
504 1145 559 1217 1,
602 1145 641 1205 2
686 1150 741 1217 ς.
783 1144 853 1217 8)
906 1154 1156 1203 venture
1198 1145 1424 1221 generi,
1473 1145 1622 1203 duas
1674 1145 1978 1203 columnas
2028 1144 2346 1215 struxisse,
2389 1143 2640 1201 alteram
2691 1142 3056 1211 latericiam,
3099 1161 3177 1200 ex
3219 1143 3481 1217 pretioso
3523 1146 3724 1223 lafu'de

312 1245 559 1305 alteram
634 1246 829 1322 ibive
910 1245 1237 1305 doctrinam
1300 1264 1469 1304 suam
1531 1245 1925 1320 inscripsisse3
1988 1263 2184 1320 neque
2250 1245 2362 1303 has
2422 1244 2727 1315 interisse,
2792 1245 2900 1303 sed
2949 1243 3140 1302 videri
3194 1244 3386 1304 adhuc
3438 1245 3498 1304 in
3563 1256 3727 1307 terra

312 1346 536 1408 Series.
627 1345 811 1421 cujum
851 1346 1092 1406 fabulae
1130 1346 1573 1406 iundmentum
1617 1364 1750 1405 esse
1793 1356 1939 1422 puto
1981 1346 2041 1404 in
2089 1345 2312 1406 Genesi
2363 1345 2606 1417 1V,26
2683 1344 2808 1416 „Et
2860 1345 3071 1404 eodem
3137 1343 3383 1424 (Setini)
3447 1359 3723 1422 tempore

316 1447 687 1522 „praedicari
726 1458 1004 1525 coeptum
1048 1457 1143 1508 est
1180 1448 1419 1507 Domini
1460 1452 1712 1507 nomen⁸⁶
1822 1447 1915 1506 Ex
1958 1456 2079 1506 tam
2121 1447 2285 1506 tenui
2326 1445 2614 1523 principio
2653 1444 2894 1521 turgida
2933 1445 3039 1504 illa
3078 1455 3142 1503 et
3165 1447 3483 1523 magnifica
3510 1466 3723 1507 narra·

310 1548 399 1607 tio
442 1558 655 1608 enm-ta
694 1558 788 1609 est
830 1559 894 1609 et·
934 1550 1189 1609 enutrita
1228 1549 1451 1625 pruritu
1504 1494 1799 1608 hommum
1857 1549 2125 1607 inaudita
2166 1546 2604 1624 quaerentium!
2714 1544 2836 1607 Sed
2877 1547 3095 1605 scimus
3128 1545 3260 1621 jam
3315 1548 3720 1622 apostolorum

312 1659 515 1708 aetate
558 1650 711 1709 inter
752 1651 970 1727 pr’nas
1013 1650 1366 1710 christianae
1410 1651 1700 1710 ecclesiae
1740 1651 2023 1709 haereses
2064 1649 2246 1709 fuisse
2288 1648 2706 1710 sethianorum
2745 1656 2992 1719 sectam,
3035 1647 3136 1723 qui
3175 1665 3351 1706 sacro
3394 1649 3541 1708 libro
3586 1661 3720 1710 ute·-

311 1750 525 1808 bantur
551 1748 934 1832 παραφράσει
974 1750 1079 1811 τοῦ
1108 1744 1262 1831 Σήθ,
1310 1749 1611 1811 Gnosticis
1654 1751 2156 1810 adnumerandam
2197 1750 2488 1825 (Bunsen,
2530 1749 2838 1826 Hippolyt.
2867 1748 2920 1820 I,
2963 1745 3099 1826 31);
3147 1757 3210 1808 et
3253 1751 3414 1809 einai
3453 1761 3722 1830 tenpore

313 1851 443 1926 ejus
522 1852 680 1911 modi
760 1852 1049 1911 miracula
1118 1861 1183 1910 et
1252 1853 1486 1912 somnia
1571 1853 1646 1910 de
1729 1852 2169 1929 praeadamitis,
2251 1851 2633 1927 protoplastis
2719 1860 2783 1908 et
2863 1849 3316 1910 antediluviam‘s
3392 1853 3723 1915 bominibus

316 1953 586 2012 asseclas
628 1962 693 2011 et
733 1951 995 2013 ianm-es
1035 1952 1399 2013 invenerunt.
1490 1951 1685 2028 Quid?
1746 1971 2009 2012 summus
2051 1952 2431 2028 philosophus
2475 1962 2712 2029 patrum
2754 1961 3086 2010 nostrorum
3127 1953 3429 2027 menevia,
3474 1954 3724 2032 diligen-

314 2053 571 2112 tissimus
610 2061 860 2113 natm-ae
904 2064 1269 2114 secretorum
1309 2062 1743 2131 perscrutator,
1793 2072 1987 2114 nonne
2034 2054 2309 2131 opinatus
2355 2063 2475 2126 est,
2519 2053 2745 2130 priscos
2785 2053 3053 2112 homines
3083 2034 3408 2112 ‘scientiam
3454 2054 3530 2112 de
3573 2055 3714 2114 Deo

312 2154 603 2229 rebusque
653 2154 896 2226 divinis,
959 2173 1108 2231 quas
1158 2166 1421 2215 ceterum
1460 2155 1793 2214 mortalium
1821 2150 2051 2232 ‘vulgus
2089 2157 2365 2234 ignorare
2417 2174 2536 2214 non
2601 2153 2814 2229 pudet,
2875 2172 3070 2230 neque
3135 2154 3330 2213 mium
3392 2156 3722 2217 doctrinam

313 2270 561 2326 omnem,
606 2272 761 2330 quae
804 2256 981 2316 hedis
1023 2256 1251 2316 nonnisi
1290 2258 1496 2316 labore
1516 2254 1819 2316 indefesso
1861 2266 2257 2333 comparatur,
2292 2257 2422 2334 jam
2466 2256 2802 2333 possedisse
2845 2264 2910 2313 et
2949 2272 3025 2314 ex
3051 2255 3398 2315 coelestium
3418 2258 3722 2316 nursinum

314 2353 664 2414 commercio
730 2365 793 2415 et
833 2358 1241 2416 communione
1285 2358 1459 2432 pleno
1501 2358 1717 2419 haustu
1756 2357 2096 2417 imbibisse?
2205 2358 2340 2435 Ego
2385 2358 2618 2434 quidem
2671 2356 2887 2428 fateor,
2950 2373 3046 2414 me
3104 2355 3378 2416 libentius
3444 2359 3720 2417 assentiri

312 2456 767 2517 eminentissimo
808 2456 981 2533 hujus
1039 2458 1252 2519 aetatis
1311 2459 1726 2518 Britannorum
1792 2460 2063 2535 scriptori
2109 2459 2441 2535 (versionis
2484 2478 2688 2536 germ,
2735 2476 2889 2535 quae
2933 2457 3151 2517 Bal-ui
3190 2457 3426 2516 nomine
3468 2459 3719 2518 eiu-cum-

310 2556 512 2627 tertar,
557 2557 671 2617 vol.
714 2558 838 2631 1v‚
892 2559 1001 2634 27)
1066 2560 1316 2634 dicenti,
1380 2578 1499 2619 nen
1545 2561 1790 2619 multum
1834 2561 2180 2620 discriminis
2221 2561 2619 2633 intercedere,
2684 2562 2736 2620 si
2793 2558 3120 2620 divinarum
3161 2575 3354 2616 rerum
3407 2560 3718 2620 seientia—

311 2667 565 2732 spectes,
584 2650 759 2718 ‘iuer
787 2660 1126 2720 Aristotelis
1178 2662 1571 2738 sagacitatem
1624 2670 1686 2718 et
1748 2660 1987 2721 infantis
2028 2661 2486 2721 imbecillitatem
2555 2661 2651 2720 vel
2715 2661 2915 2720 inculti
2969 2661 3220 2719 hominis
3271 2659 3718 2720 immanitatem,

310 2756 471 2815 Fieri
512 2757 763 2819 fortasse
804 2770 1033 2837 potest,
1086 2770 1157 2821 ut
1194 2762 1457 2820 homines
1512 2761 1637 2819 nati
1694 2762 2118 2821 constituamus
2170 2780 2278 2821 seu
2329 2764 2526 2839 potius
2565 2760 2973 2836 conjiciamus,
3026 2762 3102 2820 de
3151 2778 3429 2837 supmmo
3481 2763 3714 2821 ιιι-’.ο

313 2857 452 2931 quid
494 2876 613 2919 non
656 2859 1138 2921 dicere·decsat:
1195 2863 1304 2921 sed
1343 2862 1535 2937 qualis
1574 2861 1651 2920 sit
1693 2863 1861 2922 Deus
1904 2865 2002 2923 vel
2044 2840 2223 2940 quam
2264 2864 2485 2923 habeat
2524 2872 2795 2921 naturam
2839 2870 2900 2920 et
2953 2862 3367 2922 efficacitasera
3428 2862 3712 2923 subffiissr

312 2957 622 3032 disserere,
678 2961 811 3037 quis
870 2972 964 3022 est
1030 2965 1129 3039 qui
1191 2963 1422 3023 sincero
1487 2973 1730 3038 pectore
1798 2964 2054 3024 audeat?
2119 2963 2420 3042 Josephus
2461 2983 2606 3023 vero
2650 2962 2780 3039 ejus
2819 2964 2982 3022 modi
3021 2963 3236 3040 culpae
3279 2983 3348 3022 se
3389 2964 3710 3025 obaeuian

310 3057 489 3118 fuisse
552 3078 744 3136 pava
807 3065 1223 3141 superstitious
1285 3073 1391 3123 aut
1441 3064 1599 3123 fastu
1655 3064 2013 3125 sacerdotali
2074 3067 2362 3126 abductas
2414 3067 2547 3142 plus
2599 3064 2784 3125 semei
2838 3064 3056 3141 liquide
3100 3065 3360 3125 ostendit
3400 3083 3477 3125 ac
3517 3066 3718 3124 Deam

312 3159 452 3220 tacit
518 3173 793 3240 egsum
856 3167 1106 3229 hominis
1166 3185 1331 3226 nore
1373 3167 1755 3243 humanisque
1798 3166 2112 3227 affectibus
2156 3170 2460 3246 agitatum
2565 3167 2668 3230 Sic
2730 3167 3112 3245 Imperatoris
3173 3166 3402 3228 Claudii
3445 3177 3718 3243 tempore

312 3261 755 3326 Adiabeuomm
796 3269 1058 3346 regulus,
1122 3272 1322 3330 hanes
1386 3268 1599 3328 favens
1660 3268 1864 3328 ritibus
1918 3267 2285 3329 Judaeorum
2351 3270 2586 3346 penitus
2624 3269 2866 3328 tandem
2908 3270 3026 3328 hac
3061 3268 3354 3346 religione
3387 3269 3568 3330 imbui
3612 3271 3716 3329 de·

310 3364 497 3422 crevit
525 3364 862 3443 (Ant-iquitt„
905 3371 1055 3444 XX,
1101 3373 1141 3430 2
1185 3377 1234 3444 §-
1282 3368 1379 3451 6);
1423 3370 1531 3429 scd
1584 3370 2079 3430 circumcisionem
2121 3372 2347 3431 timenti
2400 3371 2672 3432 satisfieri
2723 3387 2900 3445 posse
2956 3371 3093 3430 Deo
3143 3380 3424 3447 negatum
3468 3371 3597 3430 sine
3639 3389 3720 3429 ea

314 3465 454 3524 nihil
501 3467 737 3528 omuino
781 3479 978 3531 actum
1020 3490 1186 3545 esse;
1230 3483 1353 3532 tun
1396 3473 1629 3531 demum
1670 3473 1866 3532 Deum
1909 3473 2117 3532 Izatsn
2162 3475 2238 3533 ab
2280 3475 2533 3533 hostiam
2575 3473 2802 3549 inpetu
2842 3472 3252 3542 liberaturum,
3313 3482 3439 3532 tum
3482 3473 3714 3532 den-

310 3564 486 3626 saluti
529 3567 658 3644 ejus
700 3573 1115 3633 consulturum.
1178 3605 1267 3619 --
1350 3574 1562 3650 Neque
1604 3576 1783 3650 lenge
1828 3575 2016 3648 abest,
2081 3574 2244 3651 qaod
2297 3591 2416 3633 neu
2470 3584 2705 3633 veretur
2759 3572 3071 3645 affirmare,
3136 3573 3334 3632 Deum
3384 3574 3716 3634 levissimas

312 3677 550 3740 propter
591 3687 806 3731 causas
846 3672 1061 3734 iratum
1105 3675 1282 3735 fuisse
1324 3675 1511 3737 saulo
1550 3675 1917 3752 prioremque
1961 3676 2231 3735 favorem
2273 3676 2467 3734 subito
2510 3674 2858 3747 detraxisse,
2902 3675 2990 3732 ita
3030 3683 3098 3733 ut
3140 3683 3447 3751 pates-stu
3474 3676 3716 3752 spiritus

314 3767 612 3828 maleficos
656 3767 986 3852 (δαιμόνια)
1027 3779 1155 3855 regi
1199 3776 1618 3837 suffocationes
1663 3793 1736 3836 ae
1777 3755 2276 3854 stssngulationes
2318 3795 2525 3835 creare
2570 3777 2670 3852 (ib.
2714 3777 2824 3836 1v.
2874 3794 2926 3834 c.
2971 3777 3010 3834 8
3055 3778 3104 3846 §-
3153 3777 3240 3845 2).
3328 3776 3590 3852 Quos-un
3631 3776 3714 3836 si·

312 3868 473 3928 milia
514 3874 804 3947 permulta
847 3874 1042 3936 afferri
1084 3889 1347 3953 possunt.
1435 3877 1592 3953 Quin
1640 3878 1779 3949 imo,
1823 3878 2018 3954 prodit
2060 3877 2360 3955 Josephus
2422 3879 2525 3949 (ib.
2572 3880 2748 3951 VIII,
2795 3881 2832 3937 2
2877 3883 2927 3950 §-
2973 3876 3045 3950 5)
3097 3894 3164 3935 se
3217 3877 3468 3951 vidisse,
3511 3895 3714 3937 coram

316 3969 689 4046 vesp-siano
720 3983 781 4035 et
808 3977 939 4040 filiis
970 3989 1031 4037 et
1058 3980 1349 4040 nonnullis
1392 3980 1655 4051 tribunis,
1698 3979 2049 4039 Eleazarum
2095 3980 2387 4056 quendam
2431 3999 2507 4038 ex
2549 3979 2928 4057 popularibus
2956 3979 3078 4038 suis
3116 3978 3502 4038 daemoniaco
3535 3978 3713 4039 alic&

314 4071 639 4134 medentem
686 4077 923 4138 naribus
964 4079 1095 4155 ejus
1141 4082 1378 4142 admoto
1424 4082 1661 4154 annale,
1705 4082 1761 4141 in
1818 4099 1936 4158 quo
1989 4081 2162 4140 radix
2214 4089 2375 4140 esset
2423 4082 2668 4154 inclusa,
2734 4081 2902 4156 cujus
2945 4081 3220 4138 virtutem
3261 4080 3563 4140 docuisset
3601 4097 3713 4139 rex

315 4171 616 4248 Solo-son,
663 4177 867 4256 itaque
897 4199 973 4241 ex
1006 4201 1155 4242 naso
1193 4194 1519 4242 extractum
1550 4183 1812 4257 spiritum
1834 4184 2191 4252 maleficum3
2236 4182 2446 4241 deinde
2477 4202 2640 4256 vero,
2681 4201 2800 4258 quo
2831 4194 3018 4240 artem
3046 4200 3213 4240 suam
3258 4200 3399 4241 vere
3432 4180 3710 4242 Circeam

312 4272 765 4339 manifestiorem
808 4283 1098 4357 redderet,
1142 4284 1513 4358 Eleazanm,
1555 4302 1671 4343 non
1716 4285 1919 4360 procul
1963 4286 2256 4344 collocato
2302 4284 2519 4361 poculo
2562 4284 2896 4360 ponderoso
2941 4285 3100 4359 aqua
3128 4284 3325 4359 pleno,
3367 4284 3534 4343 clara
3560 4301 3711 4341 voce

312 4375 631 4450 imperasse
674 4380 965 4457 daemoni,
1009 4386 1206 4446 statim
1249 4396 1315 4445 ut
1358 4404 1435 4444 ex
1478 4387 1721 4445 obsesso
1764 4403 2058 4463 egressus,
2113 4404 2222 4445 vas
2279 4386 2422 4446 illud
2465 4394 2779 4457 everteret,
2822 4403 2940 4461 quo
2985 4384 3313 4444 evidentius
3359 4395 3519 4444 esset
3563 4385 3708 4443 libe-

309 4485 499 4536 ratum
544 4497 675 4539 esse
718 4483 1033 4558 hominem3
1079 4489 1285 4563 quibus
1327 4487 1521 4559 factis,
1565 4486 1897 4549 Salomonis
1941 4487 2247 4547 scientiam
2293 4498 2354 4546 et
2395 4489 2746 4564 sapientiam
2789 4487 2968 4546 etiam
3011 4487 3294 4546 Romanis
3331 4486 3706 4563 perspicuam

312 4578 507 4638 (uisse.
612 4581 705 4642 Illi
772 4587 923 4646 euim
976 4588 1357 4648 incantatioui
1427 4589 1882 4665 haudquaquam
1949 4589 2220 4648 defuerat
2283 4589 2615 4650 Salomonis
2666 4607 2881 4648 nomen
2923 4589 2982 4647 in
3024 4588 3270 4647 solemni
3314 4588 3576 4647 carmine
3613 4584 3704 4642 in*

310 4695 604 4745 vocatum.
691 4685 919 4746 Scimus
963 4690 1194 4763 quidem
1240 4691 1494 4765 aliunde,
1538 4691 1993 4767 Vespasianum,
2037 4690 2326 4766 ejusmodi
2352 4690 2688 4766 praestigiis
2711 4690 3088 4761 delectatum,
3131 4699 3194 4747 et
3220 4690 3410 4766 ipsum
3438 4689 3707 4747 Alexan-

311 4783 474 4842 driae
505 4803 719 4844 caecos
748 4799 809 4846 et
855 4789 1258 4850 claudicantes
1303 4810 1473 4869 opem
1519 4791 1648 4868 ejus
1692 4794 2074 4870 implorantes
2120 4794 2237 4852 oris
2281 4792 2668 4851 excrementis
2711 4810 2959 4850 sanasse
3004 4791 3227 4865 (Tacit.
3272 4791 3401 4850 hist.
3445 4790 3556 4861 IV,
3602 4789 3705 4850 81.

311 4887 551 4946 Sueten.
596 4885 781 4965 Vesp.
828 4890 883 4948 7.
930 4891 1049 4949 Dio
1107 4893 1208 4964 66,
1253 4892 1350 4968 5):
1392 4895 1497 4953 sed
1540 4897 1627 4954 ita
1670 4896 1746 4955 ad
1788 4897 2055 4974 magicas
2102 4905 2259 4956 artes
2304 4893 2666 4953 exercendas
2709 4903 2930 4952 temere
2976 4901 3244 4964 vocatus,
3286 4893 3465 4952 risum
3519 4891 3707 4965 primo

312 5006 427 5047 non
456 4987 713 5047 tenuisse
746 4991 893 5050 bene
922 5011 959 5050 a
992 4991 1208 5052 Tacito
1241 4993 1476 5066 dicitur3
1505 5005 1627 5057 tum
1650 4999 1909 5057 medicos
1939 4998 2369 5076 interrogasse;
2415 5015 2519 5055 eos
2548 5014 2714 5069 vero,
2757 5006 2821 5055 ut
2843 4995 2908 5052 fit
2930 4994 3303 5070 quandoque,
3348 4993 3619 5070 ambigue
3645 5001 3709 5052 et

314 5089 471 5148 varie
501 5091 901 5166 respondis-03
948 5103 1010 5152 ut
1039 5094 1197 5154 illum
1217 5093 1430 5171 jocose
1461 5100 1654 5172 potius
1684 5117 1861 5175 quam
1889 5099 2294 5176 superstitiose
2331 5100 2528 5176 egisse
2559 5108 2721 5157 recte
2759 5097 2992 5158 dixeris.
3026 5127 3106 5140 —-
3151 5095 3274 5158 Sed
3304 5094 3483 5173 quid?
3511 5113 3708 5156 nonne

308 5187 611 5250 discrimen
657 5209 789 5252 esse
834 5193 1088 5255 debebat
1130 5197 1279 5256 inter
1320 5197 1496 5258 Jovis
1541 5199 1859 5278 Capitolini
1908 5199 2260 5261 sacricolam
2301 5209 2366 5260 et
2414 5201 2584 5260 unius
2624 5199 2743 5258 Dei
2800 5198 3214 5275 omnipotentis
3253 5194 3706 5257 veneratorem?

1769 5339 2244 5373 *—
