4159 6300
2149 761 2249 830 13

491 983 726 1060 Syriam
781 981 1149 1058 provinciam
1202 1000 1309 1058 pro
1367 995 1642 1059 praetore
1698 1002 1942 1062 regens,
2012 981 2293 1044 Gessium
2349 984 2591 1042 Florum
2635 990 3075 1057 procuratorem
3127 980 3401 1041 «Iudaeae
3472 978 3724 1055 fecerat,
3802 980 3901 1057 qui

493 1103 673 1159 quum
717 1084 834 1142 vim
898 1092 960 1142 et
1021 1083 1259 1158 rapinas
1323 1085 1507 1143 omnis
1575 1086 1807 1161 generis
1853 1095 2188 1159 exerceret,
2260 1086 2498 1143 tandem
2552 1104 2591 1143 a
2638 1082 2888 1144 «Iudaeis
2957 1083 3114 1159 apud
3183 1081 3422 1143 Gallum
3488 1081 3910 1160 Hierosolyma

489 1186 825 1244 venientem
873 1186 1234 1262 Azymorum
1299 1184 1451 1244 festo
1518 1197 1831 1245 accusatus
1896 1196 2015 1257 est,
2079 1196 2202 1244 tam
2292 1185 2616 1245 admirabili
2692 1204 3016 1258 consensu,
3089 1193 3156 1243 ut
3232 1181 3531 1258 «Iosephus
3586 1201 3719 1242 eum
3775 1203 3910 1244 cum

490 1286 1005 1346 lamentationibus
1058 1285 1515 1345 circumstetisse
1560 1286 1716 1345 dicat
1782 1282 1882 1364 (de
1925 1287 2036 1346 bel.
2074 1285 2202 1362 jud.
2245 1288 2331 1360 Π,
2381 1289 2479 1361 14,
2525 1292 2573 1359 5.
2620 1286 2677 1347 3.
2725 1281 2835 1346 οὐκ
2873 1281 3150 1350 ἐλάττους
3193 1280 3535 1365 τριακοσίων
3582 1281 3905 1366 μυριάδων)

492 1388 687 1446 tricies
729 1396 981 1447 centena
1020 1386 1203 1445 millia
1242 1387 1564 1446 hominum!
1646 1387 1847 1445 Nihilo
1891 1388 2079 1447 minus
2143 1399 2343 1448 tamen
2407 1389 2564 1447 idem
2621 1387 2835 1449 Gallus
2900 1386 2996 1446 ubi
3059 1386 3308 1460 posthac
3365 1386 3711 1446 seditionem
3753 1406 3907 1462 eam,

491 1489 550 1545 vi
593 1505 888 1546 armorum
922 1487 1220 1561 adhibita,
1263 1488 1644 1562 comprimere
1695 1488 1921 1558 studet,
1975 1507 2179 1567 pugna
2223 1499 2433 1548 exorta
2476 1499 2533 1548 et
2585 1489 2858 1562 Judaeis,
2901 1500 2966 1547 ut
3007 1506 3118 1564 par
3160 1500 3272 1561 est,
3315 1489 3653 1563 victoribus,
3698 1489 3904 1566 viginti

486 1589 743 1665 quinque
786 1588 999 1647 milites
1042 1607 1119 1647 ex
1158 1588 1280 1646 suis
1330 1589 1543 1664 amittit
1604 1586 1776 1661 (Jost
1816 1590 1952 1648 hist.
2006 1588 2148 1650 Jud.
2191 1591 2288 1663 H,
2346 1587 2470 1669 59).
2568 1594 2656 1650 At
2716 1592 2866 1650 haec
2931 1590 3065 1650 festi
3119 1591 3432 1650 Paschatis
3485 1589 3689 1649 diebus
3741 1589 3905 1649 facta

486 1702 650 1762 sunt,
716 1690 925 1767 quibus
969 1708 1044 1747 ex
1097 1698 1228 1748 tota
1270 1687 1510 1748 «Iudaea
1549 1689 2156 1766 Hierosolymitanum
2222 1693 2502 1767 templum
2544 1711 2720 1751 sacra
2760 1688 3017 1752 faciendi
3077 1710 3262 1751 causa
3327 1692 3533 1770 ingens
3598 1691 3907 1750 multitudo

486 1791 650 1849 adire
726 1792 787 1849 in
865 1808 1029 1849 more
1105 1791 1378 1850 habebat.
1502 1792 1721 1851 Audio.
1857 1793 2081 1852 Verum
2163 1792 2505 1853 Caesareae
2585 1795 2798 1867 etiam,
2882 1793 3026 1852 urbe
3114 1812 3233 1852 non
3317 1791 3709 1870 praegrandi,
3795 1794 3904 1851 sub

488 1904 679 1951 ortum
724 1893 890 1965 belli,
957 1912 997 1951 a
1039 1891 1293 1952 Graecis
1348 1892 1629 1970 Syrisque
1694 1894 1900 1953 incolis
1970 1895 2158 1954 atroci
2223 1896 2409 1954 caede
2471 1893 2691 1954 Judaei
2735 1914 2937 1955 omnes
2988 1904 3308 1968 necantur,
3361 1913 3481 1953 una
3520 1894 3673 1953 hora
3723 1912 3906 1970 supra

489 1994 697 2071 viginti
739 1994 921 2053 mima
967 1994 1070 2069 (de
1113 1995 1228 2053 bel.
1262 1993 1311 2069 j.
1356 1995 1437 2053 11.
1489 1996 1564 2053 18
1612 1999 1660 2065 §-
1718 1998 1767 2051 1.
1815 1995 1905 2053 ed.
1953 1995 2236 2069 mauors,
2275 1976 2412 2072 bap.
2457 1997 2765 2060 xxm
2812 1999 2902 2059 ea
2944 1997 3397 2071 nuvercam),
3441 2004 3502 2053 et
3542 1996 3660 2054 ista
3700 2006 3902 2073 strage

486 2113 593 2169 per
648 2114 879 2154 omnem
936 2094 1169 2172 Syriam
1227 2096 1600 2165 continuata,
1667 2094 2016 2173 Scythopoli
2067 2097 2348 2156 tredecim
2391 2099 2591 2169 millia,
2645 2099 2931 2158 Damasci
2987 2100 3192 2158 decem
3243 2098 3428 2157 millia
3479 2097 3907 2159 interimuntur.

486 2197 684 2255 Nihilo
739 2197 929 2257 minus
986 2206 1187 2256 tamen
1244 2216 1321 2256 ex
1375 2206 1496 2255 tam
1538 2196 1821 2255 horrificis
1877 2208 1938 2256 et
1978 2198 2373 2276 sanguinariis
2418 2199 2699 2259 caedibus
2741 2209 2912 2260 tanta
2953 2200 3147 2259 denuo
3191 2197 3555 2258 «Iudaeorum
3597 2198 3906 2258 multitudo

483 2298 753 2372 pullulat,
796 2308 863 2355 ut
904 2315 1014 2373 per
1056 2298 1290 2375 Syriam
1334 2297 1531 2356 omnia
1586 2298 1710 2374 igni
1755 2308 1816 2356 et
1874 2298 2028 2358 ferro
2089 2310 2329 2359 vastare
2374 2309 2436 2358 et
2479 2299 2837 2360 ferocissime
2882 2320 2991 2360 nec
3034 2302 3161 2361 sine
3208 2310 3424 2359 eventu
3468 2318 3600 2359 cum
3641 2300 3907 2359 hostibus

483 2416 752 2475 pugnare
796 2398 1039 2458 valeant
1082 2400 1186 2472 (ib.
1232 2406 1283 2472 5.
1327 2398 1426 2475 2)!
1469 2397 1615 2473 Quis
1660 2400 1892 2475 estqui
1935 2401 2082 2460 talia
2128 2400 2375 2460 credat?
2422 2399 2568 2476 Quis
2611 2405 2850 2462 tandem
2892 2409 2984 2461 tot
3010 2404 3367 2462 cadaverum
3414 2419 3661 2461 acervos
3702 2419 3905 2460 nume-

484 2498 679 2559 ravit?
734 2501 864 2575 quis
916 2500 1103 2561 vidit?
1157 2501 1365 2577 quibus
1417 2518 1493 2559 ex
1550 2499 1803 2558 fontibus
1856 2503 2323 2561 monumentisve
2375 2502 2610 2561 haurire
2665 2504 2877 2580 potuit,
2930 2504 3043 2563 nisi
3095 2523 3171 2562 ex
3217 2504 3390 2580 vagis
3434 2520 3672 2561 suorum
3715 2521 3900 2579 popu-

488 2601 690 2659 larium
735 2601 1343 2662 confabulationibus?
1387 2602 1601 2661 Nonne
1644 2603 1795 2661 haec
1837 2602 2117 2662 historiae
2152 2603 2355 2678 justae
2400 2612 2577 2677 atque
2618 2605 2891 2680 integrae
2921 2605 3150 2682 legibus
3190 2604 3369 2680 plane
3399 2605 3698 2663 contraria
3726 2604 3908 2664 sunt?

489 2703 613 2762 Sed
654 2701 939 2778 ejusmodi
989 2713 1269 2779 portenta
1322 2713 1384 2761 et
1422 2703 1891 2764 halucinationes
1934 2724 2055 2764 una
2097 2723 2230 2763 cum
2282 2706 2478 2764 multis
2522 2707 2823 2778 similibus,
2889 2706 2963 2764 de
3010 2705 3219 2780 quibus
3262 2705 3515 2781 posthac
3561 2705 3904 2780 videbimus,

491 2814 651 2863 ortas
691 2805 815 2865 sine
860 2805 1224 2864 dubitatione
1267 2805 1514 2865 dixerim
1556 2824 1634 2864 ex
1674 2805 2033 2865 sacerdotali
2084 2806 2375 2865 scribendi
2429 2824 2670 2884 genere,
2722 2807 2881 2883 quod
2936 2824 3014 2864 ex
3055 2807 3147 2865 sui
3199 2806 3404 2882 populi
3461 2807 3786 2865 eruditione
3846 2816 3909 2866 et

484 2906 785 2965 literarum
826 2906 1218 2965 monumentis
1259 2906 1619 2965 hereditario
1659 2907 1829 2981 quasi
1862 2906 1998 2982 jure
2044 2908 2124 2965 ad
2174 2926 2239 2966 se
2305 2909 2601 2989 traduxit3
2663 2909 2723 2967 in
2767 2926 2884 2985 quo
2936 2925 3057 2966 non
3116 2908 3307 2984 ipsam
3351 2926 3545 2967 rerum
3595 2908 3908 2967 veritatem

494 3019 779 3079 quaerunt
822 3009 1159 3083 scriptores,
1201 3008 1308 3066 sed
1351 3026 1485 3066 cum
1526 3008 1720 3066 studio
1766 3017 1828 3066 et
1877 3009 1968 3067 ira
2010 3017 2234 3066 certum
2277 3010 2572 3083 quoddam
2626 3009 2932 3069 consilium
2987 3007 3274 3068 effrenate
3326 3017 3756 3085 persequuntur
3795 3027 3909 3067 nec

492 3122 609 3169 tam
669 3110 916 3170 rationis
980 3108 1109 3170 acie
1178 3126 1357 3185 quam
1420 3108 1676 3184 pectoris
1738 3108 1972 3168 fervore
2039 3109 2239 3169 omnia
2292 3111 2630 3170 examinant
2694 3128 2766 3171 ae
2830 3110 3170 3187 dijudicant.
3280 3107 3457 3185 Quod
3499 3108 3803 3170 consilium
3844 3108 3906 3168 in

488 3209 753 3288 Josepho
794 3211 956 3271 nullo
998 3211 1174 3270 modo
1218 3227 1328 3270 nos
1370 3210 1559 3269 latere
1602 3218 1819 3286 potest,
1860 3230 1973 3270 nec
2014 3210 2191 3270 facile
2247 3211 2544 3285 fallemur,
2595 3214 2647 3272 si
2701 3213 2851 3271 talia
2900 3211 3203 3286 scripsisse
3255 3229 3387 3269 eum
3449 3212 3790 3287 opinamur,
3839 3220 3908 3270 ut

486 3314 679 3389 gentis
723 3332 868 3373 suae
920 3313 1381 3390 magnitudinem
1445 3312 1711 3385 tolleret,
1775 3314 2125 3373 seditionem
2189 3315 2560 3390 popularium
2626 3316 2785 3392 apud
2834 3314 3139 3373 Romanos
3200 3321 3511 3372 excusaret
3569 3313 3788 3372 viribus
3844 3321 3907 3371 et

485 3416 837 3474 bellatorum
880 3412 1056 3490 copia
1098 3431 1207 3472 suo
1242 3412 1379 3488 jure
1423 3414 1857 3487 confidentium,
1899 3415 2314 3475 necessitatem
2372 3417 2624 3492 denique
2679 3415 2816 3475 belli
2858 3414 3027 3491 quasi
3072 3415 3150 3473 ad
3201 3417 3406 3474 oculos
3459 3414 3905 3473 demonstraret.

694 3516 813 3577 Ubi
854 3533 1000 3574 vero
1045 3533 1122 3574 ea
1162 3513 1376 3587 refert,
1442 3533 1595 3591 quae
1658 3534 1791 3576 cum
1842 3518 2246 3576 Romanorum
2310 3518 2483 3576 rebus
2549 3527 2713 3577 arcte
2778 3525 2915 3575 sunt
2968 3515 3285 3592 conjuncta
3298 3557 3317 3589 ,
3385 3524 3508 3574 tum
3549 3514 3906 3573 necessitate

486 3618 743 3692 quadam
787 3628 1062 3692 coactus,
1125 3618 1370 3695 propius
1437 3635 1475 3675 a
1525 3618 1777 3678 veritate
1834 3620 2004 3678 abest
2064 3637 2258 3695 neque
2324 3627 2446 3677 tam
2509 3617 2683 3678 facile
2740 3619 2887 3677 fines
2941 3617 3383 3695 transgreditur.
3469 3616 3541 3675 Id
3583 3615 3742 3691 quod
3783 3614 3909 3675 fere

486 3719 709 3778 factum
772 3730 865 3778 est
927 3720 985 3778 in
1050 3720 1207 3779 bello
1273 3727 1482 3779 contra
1546 3720 1980 3798 Vespasianum
2046 3721 2237 3797 ipsum
2308 3731 2509 3798 gesto,
2573 3722 2632 3779 in
2674 3737 2788 3796 quo
2855 3720 3183 3779 enarrando
3251 3719 3518 3796 suspicor
3580 3715 3908 3793 Josephum

487 3821 919 3881 commentariis
974 3823 1049 3880 ab
1102 3840 1176 3881 eo
1229 3821 1585 3897 imperatore
1639 3822 1868 3900 seriptis
1923 3840 2094 3881 usum
2137 3840 2300 3895 esse,
2371 3840 2519 3899 quos
2584 3823 2682 3881 ille
2746 3822 2873 3881 sine
2938 3821 3114 3880 dubio
3157 3815 3305 3897 legit
3367 3821 3467 3895 (In
3511 3819 3656 3878 Vita
3699 3823 3749 3889 5.
3796 3819 3874 3876 65
3878 3827 3908 3893 )

488 3932 550 3981 et
591 3933 1045 3998 commemorat,
1108 3924 1278 3982 nobis
1343 3932 1673 4000 temporum
1736 3924 1959 3984 invidia
2024 3925 2291 3996 abstulit3
2358 3942 2604 4000 quorum
2669 3925 2744 3982 ab
2800 3923 3151 3982 auctoritate
3195 3920 3577 3999 imperatoria
3619 3920 3909 3980 decedere

486 4023 879 4100 periculosum
944 4035 1075 4083 erat
1136 4024 1487 4101 minimeque
1553 4026 1927 4086 conveniens.
2058 4026 2160 4087 Sic
2223 4026 2283 4085 in
2349 4027 2561 4104 pugnis
2634 4023 2890 4099 hujus
2914 4042 2947 4082 c
2972 4042 3005 4081 e
3065 4024 3346 4102 temporis
3409 4023 3483 4081 de
3547 4022 3668 4081 suis
3732 4039 3907 4079 unum

488 4125 771 4184 cecidisse
813 4126 1057 4185 tradidit
1100 4126 1273 4201 (Vita
1315 4130 1365 4196 5.
1412 4123 1552 4205 71),
1601 4137 1888 4188 nocturno
1934 4128 2170 4203 quidem
2214 4127 2470 4203 proelio,
2528 4126 2625 4185 vel
2681 4135 2909 4202 septem
2963 4125 3175 4184 milites
3231 4133 3438 4184 contra
3482 4123 3709 4201 Syllam
3748 4123 3910 4200 regis

486 4227 796 4302 Agrippae
841 4227 1080 4299 ducem,
1134 4227 1233 4286 vel
1274 4229 1672 4304 septendecim
1723 4238 1931 4288 contra
1983 4230 2418 4305 Vespasianum
2481 4223 2595 4304 (de
2647 4229 2707 4287 b.
2754 4227 2880 4303 jud.
2923 4226 3050 4300 111,
3110 4245 3162 4286 c.
3220 4228 3255 4284 7
3315 4231 3364 4297 5.
3422 4224 3491 4301 5)
3552 4244 3624 4286 ac
3666 4236 3788 4284 tres
3831 4226 3909 4285 ad

487 4327 839 4403 Jotapatam
905 4336 1114 4387 contra
1175 4329 1516 4402 Placidum,
1587 4341 1817 4406 septem
1887 4331 2291 4390 Romanorum
2351 4328 2673 4388 interfectis
2744 4325 2855 4407 (ib.
2900 4347 3034 4404 cap.
3092 4329 3128 4386 6
3185 4333 3236 4400 5.
3295 4324 3381 4407 1).
3465 4327 3679 4404 Neque
3721 4327 3909 4386 minus

488 4439 687 4488 tamen
729 4430 787 4488 in
830 4429 943 4489 hac
988 4431 1167 4489 etiam
1209 4439 1384 4507 parte
1426 4430 1598 4504 belli,
1651 4432 1919 4508 quamvis
1962 4433 2344 4491 calliditatem
2389 4441 2450 4489 et
2490 4432 2768 4492 solertem
2808 4448 2954 4489 suae
3002 4430 3209 4489 salutis
3251 4428 3681 4507 providentiam
3724 4430 3908 4489 haud·

489 4549 787 4607 quaquam
831 4532 1146 4605 omitteret,
1188 4532 1460 4594 hostilem
1504 4533 1760 4592 animum
1810 4534 2095 4593 adversus
2148 4534 2451 4594 Romanos
2496 4542 2700 4609 aperte
2765 4532 3026 4592 exhibuit
3087 4550 3198 4591 nec
3266 4549 3303 4590 a
3367 4531 3688 4609 pugnando
3731 4531 3909 4606 plane

491 4635 811 4694 abhorruit.
896 4634 1055 4693 Nam
1099 4645 1418 4711 postquam
1462 4634 1678 4694 certior
1720 4634 1916 4694 factus
1961 4644 2053 4695 est
2095 4637 2401 4694 Romanos
2448 4634 2927 4712 appropinquare
2955 4632 3175 4694 acfere
3219 4633 3278 4692 in
3301 4651 3375 4692 eo
3419 4650 3570 4704 esse,
3614 4642 3680 4691 ut
3700 4650 3909 4691 manus

490 4745 893 4809 consererent,
937 4734 1208 4808 «Iudaeis,
1255 4746 1574 4812 antequam
1618 4737 1846 4796 hostem
1891 4737 2321 4813 conspicerent,
2365 4736 2510 4815 fuga
2550 4736 2832 4812 disjectis,
2875 4754 3008 4796 cum
3048 4735 3306 4812 reliquiis
3347 4735 3638 4795 exercitus
3681 4732 3910 4792 Tiberi·

489 4838 609 4896 ada
650 4856 715 4896 se
760 4838 1007 4897 contulit
1053 4835 1154 4917 (de
1197 4838 1314 4897 bel.
1351 4836 1477 4913 jud.
1530 4837 1648 4909 111,
1702 4855 1758 4898 c.
1817 4838 1852 4896 6
1900 4843 1949 4909 5.
2008 4835 2112 4918 3),
2153 4857 2346 4914 neque
2389 4839 2499 4911 ibi,
2540 4839 2684 4897 urbe
2728 4847 2937 4913 aperta
2979 4838 3321 4915 civibusque
3363 4855 3483 4896 non
3524 4835 3671 4896 satis
3714 4833 3909 4907 certis,

487 4949 676 4999 tutum
720 4958 785 4999 se
827 4948 991 5000 ratus
1007 4981 1026 5012 ,
1085 4936 1441 5015 Jotapatam
1487 4940 1731 5016 aufugit.
1833 4940 2085 5000 Frustra
2129 4940 2260 5017 jam
2314 4958 2600 5016 quaeras,
2652 4939 2750 4998 ubi
2814 4948 2954 4998 tunc
3003 4937 3219 4998 fuerint
3268 4940 3524 4999 ducenta
3575 4939 3681 4999 illa
3729 4935 3912 4998 millia

487 5041 933 5100 fortissimorum
976 5040 1253 5113 virorum,
1319 5058 1468 5118 quos
1509 5041 1570 5099 in
1625 5041 1804 5101 armis
1848 5061 1912 5101 se
1955 5043 2216 5102 tenuisse
2261 5043 2548 5119 gloriatus
2592 5049 2699 5100 est.
2783 5039 2944 5099 Num
2986 5040 3165 5117 igitur
3220 5040 3277 5099 ei
3325 5043 3654 5113 credamus,
3694 5039 3755 5097 in
3795 5039 3910 5097 hac

488 5143 624 5217 ipsa
665 5142 945 5201 evasione
991 5141 1307 5203 affirmanti
1351 5139 1451 5221 (ib.
1504 5160 1635 5218 cap.
1682 5143 1715 5200 7
1765 5148 1814 5215 5.
1861 5144 1932 5219 7)
1976 5162 2161 5220 saepe
2205 5162 2272 5203 se
2330 5153 2571 5221 optasse
2615 5143 2813 5221 potius
2857 5142 3062 5215 emori,
3106 5160 3283 5218 quam
3336 5143 3530 5220 patria
3570 5140 3807 5217 prodita
3848 5145 3910 5195 et

491 5241 633 5301 belli
670 5242 778 5301 sibi
832 5244 1126 5306 commissi
1194 5244 1699 5304 administratione
1757 5245 2139 5317 dedecorata,
2197 5245 2357 5320 apud
2417 5244 2551 5304 illos
2614 5244 2794 5306 felicit
2803 5264 2868 5304 er
2933 5260 3113 5323 agere
3178 5245 3519 5321 quibuscum
3583 5248 3909 5320 pugnatum
