4159 6300
1976 749 2076 817 12

307 968 552 1039 incolas,
618 969 717 1044 qui
773 968 1007 1043 quidem
1060 970 1360 1030 habebant
1413 971 1573 1047 quod
1627 971 1981 1043 amitterent,
2036 979 2097 1029 et
2151 971 2389 1029 relictos
2453 989 2518 1030 se
2585 972 2867 1030 videbant
2920 989 2958 1028 a
3015 970 3259 1028 ducibus
3311 968 3447 1026 belli
3513 970 3736 1028 studio-

309 1069 571 1139 sissimis,
617 1069 856 1128 tandem
905 1069 1129 1130 fractos
1174 1071 1390 1144 animo,
1454 1070 1804 1131 factionibus
1857 1072 2200 1143 distractos,
2258 1070 2447 1130 fessos
2503 1073 2641 1131 belli
2696 1071 3162 1142 calamitatibus,
3228 1071 3529 1129 Romanos
3586 1071 3734 1130 duce

310 1168 634 1228 clarissimo
675 1172 1052 1246 Vespasiano
1106 1172 1236 1248 jam
1290 1172 1831 1248 appropinquantes
1877 1174 2143 1233 omnibus
2186 1174 2342 1232 votis
2389 1174 2466 1231 ad
2535 1192 2601 1232 se
2655 1190 2907 1233 vocasse
2974 1191 3047 1232 ac
3089 1173 3338 1231 libenter
3384 1171 3733 1249 excepisse?

307 1272 509 1345 Atque
551 1270 680 1346 ipse
732 1269 1034 1348 «Iosephus
1078 1275 1186 1333 tali
1241 1274 1456 1351 agendi
1506 1274 1735 1333 ratione
1794 1275 2039 1334 eximios
2097 1292 2407 1334 successus
2464 1293 2530 1333 se
2572 1275 3018 1350 impetraturum
3059 1291 3306 1349 sperare
3350 1294 3471 1334 non
3514 1276 3727 1353 potuit,

309 1371 447 1444 quia
490 1371 949 1432 dominationem
990 1375 1245 1434 retinere
1288 1375 1494 1447 voluit,
1539 1375 1771 1451 patriae
1813 1376 2147 1435 libertatem
2189 1376 2438 1434 reddere
2480 1376 2690 1447 voluit,
2736 1385 3003 1434 extrema
3045 1375 3171 1450 pati
3189 1417 3206 1446 ,
3249 1376 3428 1435 tantis
3457 1378 3735 1453 praemiis

308 1473 647 1547 propositis,
694 1475 867 1533 anxie
918 1476 1288 1535 detrectavit.

519 1573 689 1633 Haec
734 1585 933 1635 autem
977 1578 1177 1636 omnia
1219 1585 1394 1654 gesta
1435 1584 1574 1634 ante
1619 1577 2019 1636 Romanorum
2078 1579 2413 1637 adventum.
2512 1576 2786 1652 Denique
2839 1578 3106 1654 legiones
3153 1578 3366 1638 bellico
3422 1580 3737 1656 splendore

313 1690 382 1730 ac
446 1681 671 1733 terrore
725 1675 970 1755 affuere,
1040 1679 1421 1754 Vespasiano
1477 1696 1549 1737 ac
1608 1670 1740 1737 Tito
1794 1678 1913 1737 filio
1978 1698 2112 1737 cum
2178 1679 2423 1738 Placido
2486 1678 2720 1737 tribuno
2777 1679 3020 1737 militum
3086 1679 3333 1739 ducibus
3399 1682 3549 1753 (bel.
3604 1681 3734 1757 jud.

310 1773 428 1844 III,
473 1776 510 1832 4
559 1780 607 1847 5.
660 1775 741 1852 1).
830 1780 985 1839 Tum
1028 1798 1173 1839 vero
1219 1780 1415 1839 animo
1459 1797 1699 1854 prorsus
1744 1781 1961 1839 cadere
1994 1780 2329 1856 Josephus3
2375 1780 2515 1838 nihil
2544 1781 2924 1839 memorabile
2955 1791 3323 1856 perpetrare,
3367 1782 3526 1857 quod
3548 1782 3729 1841 tantis

310 1874 560 1950 inceptis
605 1896 678 1937 ac
713 1878 1139 1954 jactationibus
1183 1882 1423 1959 dignum
1467 1889 1643 1940 esset.
1717 1882 1856 1957 Ipse
1900 1882 2102 1940 retulit
2146 1882 2213 1957 (1.
2259 1886 2360 1954 c.),
2407 1883 2709 1941 Romanos
2756 1901 2887 1939 cum
2930 1860 3246 1958 sexaginta
3287 1883 3544 1942 millibus
3584 1883 3734 1942 mili-

308 1984 434 2033 tum
477 1988 686 2038 contra
704 1978 972 2043 Judaeos
1015 1984 1317 2057 militasse,
1360 1984 1514 2041 inter
1555 2000 1703 2057 quos
1745 1983 2027 2042 tredecim
2069 1984 2254 2042 millia
2298 1983 2686 2055 auxiliarium,
2730 1984 3014 2059 Arabum,
3063 1982 3362 2059 Syrorum.
3432 1983 3555 2044 Sed
3598 1985 3740 2060 quid

317 2077 427 2135 viri
472 2076 636 2139 fortis
677 2083 881 2143 hostes
923 2102 1166 2143 numero
1227 2085 1646 2161 comprendere
1668 2082 1889 2142 ,referti
1936 2083 2165 2144 Contra
2207 2082 2509 2161 «Iosephus
2552 2103 2671 2143 non
2713 2085 2902 2143 minus
2947 2085 3206 2143 ducenta
3247 2085 3432 2142 millia
3474 2085 3734 2143 virorum

309 2178 680 2241 militantium
721 2184 781 2242 in
810 2204 932 2243 una
962 2184 1243 2245 Galilaea
1283 2186 1590 2263 provincia
1632 2203 1697 2244 se
1742 2185 2017 2245 habuisse
2062 2185 2319 2245 affirmat
2361 2183 2540 2262 (Jost.
2582 2187 2713 2247 hist.
2756 2183 2897 2244 Jud.
2941 2186 3024 2245 11.
3072 2187 3107 2243 7
3117 2185 3212 2261 3),
3259 2203 3508 2261 quorum
3554 2187 3732 2244 alter-

312 2288 503 2338 utram
546 2292 776 2357 partem
827 2286 888 2344 in
942 2287 1119 2346 armis
1171 2289 1446 2361 tenebat,
1512 2288 1726 2346 ceteris
1792 2288 1869 2345 ad
1923 2306 2131 2365 agrum
2177 2289 2488 2348 colendum
2532 2300 2592 2345 et
2632 2288 2877 2364 negotia
2921 2287 3267 2362 quotidiana
3309 2288 3630 2346 reservatis
3676 2296 3738 2346 et

314 2380 543 2440 interim
567 2384 802 2443 domum
826 2386 1093 2445 dimissis.
1161 2389 1301 2447 Tali
1343 2389 1730 2462 multitudine,
1774 2389 1943 2464 cujus
1984 2391 2261 2449 virtutem
2302 2390 2573 2449 bellicam
2618 2390 2940 2447 eminenter
2969 2388 3418 2463 collaudat,(de
3461 2390 3575 2448 bel.
3609 2388 3738 2464 jud.

311 2482 429 2554 111,
475 2484 533 2555 2,
580 2490 627 2556 5.
676 2483 761 2566 2),
806 2489 1090 2547 acerrime
1136 2506 1208 2547 ac
1259 2490 1360 2548 diu
1418 2491 1704 2550 Romanis
1756 2491 1950 2549 resisti
2003 2492 2214 2567 potuit,
2265 2490 2616 2568 praesertim
2679 2508 2856 2565 quum
2912 2490 3157 2550 <Iudaea
3210 2488 3498 2564 majorem
3552 2491 3734 2549 etiam

310 2599 613 2643 numerum
654 2587 898 2647 militum
940 2591 1190 2649 haberet
1246 2600 1307 2648 et
1348 2591 1522 2650 tridui
1574 2592 1686 2650 iter
1728 2600 1956 2652 tantum
2010 2612 2050 2652 a
2095 2592 2376 2653 Galilaea
2419 2592 2657 2650 abesset
2698 2601 2868 2649 recta
2909 2592 3011 2650 via
3055 2610 3162 2666 per
3203 2590 3534 2651 Samariam
3578 2592 3740 2651 eunti

308 2682 411 2757 (de
445 2686 569 2745 vita
598 2692 647 2759 5.
681 2690 814 2762 52),
858 2709 974 2766 quo
1004 2691 1234 2751 facilius
1259 2690 1467 2751 fuisset
1501 2692 1781 2751 auxilium
1815 2703 2018 2752 mutuo
2059 2692 2215 2752 ferre
2259 2704 2320 2751 et
2363 2694 2666 2752 Romanas
2710 2692 2916 2768 copias
2959 2691 3166 2767 partiri
3201 2702 3303 2750 aut
3358 2695 3433 2752 ab
3487 2702 3737 2770 utroque

310 2784 497 2845 latere
562 2791 827 2865 aggredi.
944 2791 1065 2852 Sed
1128 2794 1339 2871 negari
1401 2795 1636 2869 nequit,
1690 2796 1750 2854 in
1810 2796 2066 2855 numeris
2141 2814 2179 2852 a
2232 2793 2499 2871 Josepho
2556 2794 2752 2851 allatis
2806 2811 3094 2852 summam
3159 2811 3293 2851 esse
3357 2795 3486 2854 sive
3549 2796 3736 2872 negli-

312 2886 576 2959 gentiam
617 2889 745 2948 sive
795 2891 1087 2952 inscitiam
1130 2895 1256 2952 sive
1292 2893 1700 2969 jactationem.
1794 2897 2010 2956 Nonne
2065 2896 2125 2955 in
2174 2894 2481 2968 Galilaea,
2525 2913 2590 2954 se
2635 2894 3081 2953 administrante
3126 2895 3514 2970 provinciam,
3555 2895 3731 2955 fuisse

314 2984 454 3044 dicit
497 2987 753 3050 ducenta
809 3002 867 3051 et
920 3004 1175 3069 quatuor
1232 2996 1454 3072 oppida
1498 3005 1567 3055 -et
1616 2997 1812 3071 vicos,
1863 3016 2109 3074 quorum
2160 2998 2458 3055 minimum
2514 3015 2698 3073 supra
2742 2995 3073 3071 quindecim
3117 2995 3299 3054 millia
3341 2997 3737 3057 habitatorum

310 3085 621 3149 habuisse?
665 3093 770 3167 (de
812 3095 927 3154 bel.
962 3094 1088 3171 jud.
1132 3097 1249 3171 111,
1294 3115 1343 3157 c.
1388 3098 1447 3170 3,
1494 3103 1542 3170 5.
1591 3099 1676 3171 2).
1765 3098 1936 3176 Quae
1980 3099 2393 3159 celeberrimus
2441 3097 2505 3159 C.
2531 3098 2728 3158 Ritter
2769 3093 2964 3175 (Asia,
3002 3098 3181 3171 VIII,
3224 3108 3395 3174 parte
3421 3100 3457 3158 6
3497 3119 3550 3177 p.
3585 3098 3738 3175 688)

312 3197 504 3248 utrum
550 3211 692 3251 vera
742 3195 958 3255 suerint
1011 3216 1089 3256 an
1146 3209 1521 3277 exaggerata
1575 3198 1900 3275 dijudicare
1942 3201 2225 3273 haesitat,
2269 3201 2375 3259 sed
2430 3200 2721 3275 equidem,
2766 3209 3098 3258 ceterorum
3150 3218 3523 3259 numerorum
3577 3219 3739 3261 com-

311 3295 618 3366 putatione
661 3307 995 3372 perspecta,
1038 3300 1165 3358 sive
1211 3320 1287 3359 ex
1329 3302 1484 3376 turpi
1527 3302 1864 3378 ignorantia
1904 3303 2032 3361 veri
2082 3303 2211 3362 sive
2257 3322 2333 3361 ex
2375 3320 2536 3361 vana
2580 3302 2978 3360 ostentatione
3024 3311 3158 3361 orta
3201 3301 3400 3359 dicere
3445 3320 3566 3360 non
3633 3303 3742 3360 du-

310 3392 505 3454 bitem.
616 3394 849 3473 Quippe
902 3410 1286 3461 excusaretur
1339 3402 1774 3477 quodammodo
1837 3402 1897 3461 in
1959 3401 2226 3478 Josepho
2273 3403 2408 3461 belli
2454 3403 2649 3475 ardor,
2693 3403 2742 3461 si
2786 3403 2987 3462 statim
3032 3405 3106 3463 ab
3149 3403 3319 3461 initio
3365 3411 3542 3461 tanto
3575 3403 3739 3478 copi·

314 3514 480 3554 arum
531 3499 746 3558 robore
790 3500 1087 3560 confidere
1154 3510 1214 3561 et
1273 3502 1548 3578 adjuvari
1607 3521 1672 3561 re
1739 3521 1887 3562 vera
1949 3505 2272 3579 potuisset3
2342 3504 2594 3563 fortasse
2668 3503 2848 3561 etiam
2911 3504 3041 3579 ipse
3108 3505 3216 3563 sibi
3280 3504 3600 3579 placuisset
3648 3513 3743 3563 tot

312 3596 551 3656 millium
616 3599 737 3658 dux
799 3611 862 3660 et
924 3613 1108 3679 caput
1172 3623 1211 3663 a
1275 3605 1548 3681 synedrio
1614 3605 1704 3664 sui
1769 3606 1974 3682 populi
2029 3608 2401 3666 constitutus.
2488 3605 2610 3667 Sed
2676 3607 2779 3680 qui
2838 3623 3064 3680 quaeso
3109 3605 3238 3663 fieri
3281 3605 3509 3681 potuit,
3562 3615 3630 3663 ut
3677 3605 3741 3664 in

315 3694 629 3757 Galilaeae
657 3701 886 3775 finibus,
937 3704 1106 3780 cujus
1136 3706 1414 3765 ambitum
1457 3707 1651 3765 Ritter
1694 3708 1762 3783 (l.
1807 3709 1889 3785 c.)
1933 3708 2113 3767 fuisse
2158 3708 2300 3766 dicit
2340 3707 2668 3784 nonaginta
2708 3707 3111 3766 milliariorum
3164 3707 3607 3782 quadratorum,
3649 3717 3741 3765 tot

314 3797 577 3858 homines
622 3814 683 3860 et
725 3814 926 3863 essent
967 3814 1029 3864 et
1055 3807 1365 3865 viverent?
1446 3808 1663 3866 Nonne
1706 3810 1855 3876 haec
1902 3818 1962 3866 et
1982 3819 2237 3867 naturae
2282 3821 2341 3867 et
2386 3809 2788 3885 experientiae
2825 3809 3055 3885 legibus
3078 3825 3320 3884 prorsus
3360 3807 3738 3885 repugnant?

312 3898 470 3957 Nam
523 3901 574 3959 si
626 3903 743 3961 ista
795 3905 1051 3976 ducenta
1114 3918 1176 3967 et
1220 3919 1474 3984 quatuor
1538 3909 1760 3985 oppida
1824 3929 1957 3969 cum
2019 3911 2141 3970 suis
2182 3910 2422 3983 incolis,
2488 3911 2586 3968 vel
2649 3910 2886 3968 minimo
2950 3909 3054 3972 illo
3120 3927 3362 3968 numero
3410 3910 3740 3986 quindecim

313 4001 553 4060 millium
597 4013 866 4079 accepto,
909 4008 1382 4083 multiplicamus,
1427 4009 1675 4069 efficitur
1716 4012 2008 4088 stupenda
2049 4012 2448 4071 habitatorum
2469 4012 2811 4069 multitudo:
2858 4029 3039 4087 supra
3082 4011 3442 4087 quadragies
3485 3997 3742 4071 centena

314 4102 519 4161 millia!
602 4106 815 4165 Plures
856 4108 1036 4184 igitur
1080 4110 1245 4169 vides
1288 4110 1467 4170 fuisse
1512 4122 1633 4170 tum
1678 4112 1948 4172 Judaeos
1999 4113 2059 4171 in
2120 4132 2238 4171 una
2289 4113 2597 4187 provincia
2650 4112 2962 4183 Galilaea,
3024 4130 3200 4187 quam
3243 4113 3420 4171 hodie
3467 4113 3739 4187 fortasse,

312 4214 404 4262 tot
447 4206 818 4267 saeculorum
861 4208 1206 4283 intervallo,
1262 4231 1371 4287 per
1432 4220 1621 4270 totum
1677 4214 1878 4272 orbem
1933 4224 2223 4273 terrarum
2275 4225 2655 4273 numerantur
2706 4212 2954 4273 Judaei!
3042 4213 3229 4274 Vides
3284 4231 3393 4290 per
3447 4215 3742 4292 singulum

314 4306 588 4381 quodque
612 4308 940 4369 milliarium
970 4314 1323 4387 quadratum
1367 4314 1586 4372 vixisse
1631 4315 2028 4391 quadraginta
2071 4325 2132 4373 et
2175 4325 2431 4390 quatuor
2472 4315 2654 4373 millia
2695 4315 3010 4386 hominum,
3056 4315 3114 4371 id
3158 4315 3318 4390 quod
3347 4313 3737 4375 fertilissimas

313 4415 375 4464 et
418 4407 918 4483 frequentissimas
960 4413 1237 4489 regiones
1280 4423 1497 4487 terrae,
1542 4415 1722 4473 veluti
1777 4415 2085 4492 Belgicam
2132 4425 2193 4473 et
2237 4416 2546 4488 Sinenses,
2591 4417 2770 4475 etiam
2821 4417 3037 4475 nostris
3079 4417 3443 4492 temporibus
3487 4419 3740 4476 immane

315 4519 598 4583 quantum
642 4512 941 4588 superatll
1025 4513 1147 4575 Sed
1192 4515 1314 4574 alia
1355 4534 1593 4592 quoque
1636 4527 1771 4575 sunt
1814 4516 1989 4592 hujus
2034 4518 2299 4593 generis,
2366 4518 2425 4575 in
2470 4518 2679 4593 quibus
2747 4518 2921 4576 fldem
2965 4515 3233 4593 Josepho
3278 4537 3396 4578 non
3441 4519 3739 4595 denegare

313 4628 431 4668 non
473 4628 806 4686 possumus,
848 4632 1094 4690 quorum
1136 4618 1420 4676 nonnulla
1439 4618 1649 4677 saltem
1679 4616 1893 4676 afferre
1935 4620 2138 4678 liceat.
2224 4618 2463 4677 Etenim
2503 4638 2680 4694 quum
2727 4618 3047 4693 Cumanus,
3089 4631 3441 4695 procurator
3461 4620 3739 4681 <Iudaeae

314 4713 416 4787 (de
459 4713 574 4771 bel.
609 4711 737 4789 jud.
783 4717 897 4788 11..
948 4717 1055 4792 12,
1118 4722 1147 4775 1
1199 4719 1491 4796 antiquitt.
1534 4720 1683 4779 XX.
1743 4721 1812 4792 5,
1872 4726 1919 4792 5.
1965 4721 2020 4779 3.
2070 4722 2105 4778 6
2164 4724 2214 4791 5.
2255 4723 2317 4795 1)
2363 4722 2471 4780 sub
2527 4719 2779 4781 Claudio
2837 4720 3130 4795 Caesare,
3194 4723 3382 4798 primo
3426 4720 3742 4780 Paschatis

313 4815 407 4872 die
450 4812 626 4888 festo,
668 4818 920 4875 tumultu
963 4828 1094 4876 orto
1139 4839 1216 4878 ex
1259 4821 1592 4896 petulantia
1630 4821 1827 4880 militis
1869 4821 2144 4895 Romani,
2188 4823 2511 4881 exercitum
2544 4820 2825 4896 jussisset
2852 4823 3058 4882 sumtis
3104 4825 3282 4883 armis
3325 4824 3384 4882 in
3416 4822 3741 4882 Antoniam

314 4917 659 4991 convenire,
713 4937 910 4978 arcem
963 4921 1185 4996 templo
1230 4921 1625 5006 imminentem
1644 4964 1660 4994 ‚
1705 4919 2073 4981 «Iudaeorum
2116 4911 2425 4982 multitudo
2469 4935 2629 4982 metu
2673 4924 2948 4999 perculsa
2989 4922 3050 4981 in
3110 4922 3312 5001 sugam
3377 4941 3632 5000 propere
3673 4941 3742 4982 se

313 5017 531 5093 dejecit
574 5020 653 5078 ad
694 5020 1004 5081 inferiores
1046 5021 1204 5080 urbis
1248 5032 1448 5096 partes
1491 5040 1597 5097 per
1642 5033 1927 5101 angustos
1971 5025 2200 5083 viarum
2254 5024 2446 5084 exitus
2464 5067 2480 5097 ,
2539 5025 2884 5100 contusique
2941 5032 3079 5085 sunt
3129 5044 3201 5085 ac
3257 5026 3491 5085 contriti
3534 5031 3745 5085 mutua

312 5121 747 5195 compressione
789 5123 943 5181 inter
984 5121 1327 5200 fugiendum
1382 5133 1485 5183 aut
1540 5125 1746 5202 viginti
1813 5125 2031 5197 millia,
2087 5139 2152 5185 ut
2205 5129 2531 5202 posteriore
2582 5127 2739 5200 loco,
2784 5137 2889 5185 aut
2931 5127 3138 5186 decem
3191 5126 3374 5186 millia
3424 5128 3744 5200 hominum,

311 5227 377 5277 ut
422 5221 610 5281 altero
655 5223 764 5282 sibi
813 5223 942 5297 ipse
986 5241 1106 5283 non
1151 5226 1510 5285 conveniens
1553 5226 1694 5285 dicit
1737 5228 1931 5302 (anno
1978 5228 2058 5287 48
2105 5244 2162 5302 p.
2209 5225 2403 5307 Chr.)!
2487 5225 2737 5302 Josephi
2779 5246 2923 5287 vcro
2971 5238 3170 5288 aetate
3218 5227 3455 5289 Cestius
3510 5228 3742 5297 Gallus,
