<?xml version="1.0" encoding="UTF-8"?>
<!DOCTYPE html PUBLIC "-//W3C//DTD XHTML 1.0 Transitional//EN"
    "http://www.w3.org/TR/xhtml1/DTD/xhtml1-transitional.dtd">
<html xmlns="http://www.w3.org/1999/xhtml" xml:lang="en" lang="en">
 <head>
  <title>
</title>
<meta http-equiv="Content-Type" content="text/html;charset=utf-8" />
  <meta name='ocr-system' content='tesseract 3.04.00' />
  <meta name='ocr-capabilities' content='ocr_page ocr_carea ocr_par ocr_line ocrx_word'/>
</head>
<body>
  <div class='ocr_page' id='page_1' title='image "./zurffentlichenp00horkgoog_0010.png"; bbox 0 0 4159 6300; ppageno 0'>
   <div class='ocr_carea' id='block_1_1' title="bbox 269 1111 3808 5457">
    <p class='ocr_par' dir='ltr' id='par_1_1' title="bbox 300 1111 3727 1898">
     <span class='ocr_line' id='line_1_1' title="bbox 301 1111 3726 1194; baseline 0 -19"><span class='ocrx_word' id='word_1_1' title='bbox 301 1116 551 1194; x_wconf 87' lang='lat' dir='ltr'><strong>posthac</strong></span> <span class='ocrx_word' id='word_1_2' title='bbox 598 1115 781 1174; x_wconf 82' lang='lat' dir='ltr'><strong>verba</strong></span> <span class='ocrx_word' id='word_1_3' title='bbox 821 1114 1075 1190; x_wconf 80' lang='lat' dir='ltr'><strong>Josephi</strong></span> <span class='ocrx_word' id='word_1_4' title='bbox 1117 1111 1439 1189; x_wconf 73' lang='lat' dir='ltr'>scriptores</span> <span class='ocrx_word' id='word_1_5' title='bbox 1485 1113 1873 1172; x_wconf 87' lang='lat' dir='ltr'><strong>ecclesiastici</strong></span> <span class='ocrx_word' id='word_1_6' title='bbox 1917 1113 2192 1172; x_wconf 87' lang='lat' dir='ltr'><strong>certatim</strong></span> <span class='ocrx_word' id='word_1_7' title='bbox 2244 1111 2364 1171; x_wconf 87' lang='lat' dir='ltr'><strong>suis</strong></span> <span class='ocrx_word' id='word_1_8' title='bbox 2419 1113 2665 1188; x_wconf 89' lang='lat' dir='ltr'><strong>quisque</strong></span> <span class='ocrx_word' id='word_1_9' title='bbox 2720 1111 2865 1171; x_wconf 87' lang='lat' dir='ltr'><strong>locis</strong></span> <span class='ocrx_word' id='word_1_10' title='bbox 2926 1122 2988 1172; x_wconf 89' lang='lat' dir='ltr'><strong>et</strong></span> <span class='ocrx_word' id='word_1_11' title='bbox 3029 1114 3285 1173; x_wconf 88' lang='lat' dir='ltr'><strong>consiliis</strong></span> <span class='ocrx_word' id='word_1_12' title='bbox 3329 1115 3726 1191; x_wconf 79' lang='lat' dir='ltr'><strong>explicabant,</strong></span> 
     </span>
     <span class='ocr_line' id='line_1_2' title="bbox 300 1211 3725 1292; baseline -0.001 -14"><span class='ocrx_word' id='word_1_13' title='bbox 300 1218 630 1287; x_wconf 84' lang='lat' dir='ltr'><strong>mutabant,</strong></span> <span class='ocrx_word' id='word_1_14' title='bbox 674 1215 1090 1275; x_wconf 73' lang='lat' dir='ltr'><strong>adulterabant</strong></span> <span class='ocrx_word' id='word_1_15' title='bbox 1130 1215 1403 1290; x_wconf 90' lang='lat' dir='ltr'><strong>(Bunsen</strong></span> <span class='ocrx_word' id='word_1_16' title='bbox 1444 1212 1755 1291; x_wconf 81' lang='lat' dir='ltr'><strong>Hippolyt.</strong></span> <span class='ocrx_word' id='word_1_17' title='bbox 1796 1215 1848 1273; x_wconf 91' lang='grc' dir='ltr'><strong>Ι.</strong></span> <span class='ocrx_word' id='word_1_18' title='bbox 1895 1214 2068 1288; x_wconf 80' lang='grc'><strong>229).</strong></span> <span class='ocrx_word' id='word_1_19' title='bbox 2155 1214 2327 1289; x_wconf 83' lang='lat' dir='ltr'><strong>Quae</strong></span> <span class='ocrx_word' id='word_1_20' title='bbox 2372 1213 2606 1290; x_wconf 88' lang='lat' dir='ltr'><strong>quidem</strong></span> <span class='ocrx_word' id='word_1_21' title='bbox 2649 1211 2830 1289; x_wconf 88' lang='lat' dir='ltr'><strong>fraus,</strong></span> <span class='ocrx_word' id='word_1_22' title='bbox 2886 1231 3062 1290; x_wconf 89' lang='lat' dir='ltr'><strong>quam</strong></span> <span class='ocrx_word' id='word_1_23' title='bbox 3104 1215 3265 1292; x_wconf 90' lang='lat' dir='ltr'><strong>piam</strong></span> <span class='ocrx_word' id='word_1_24' title='bbox 3307 1214 3483 1275; x_wconf 82' lang='grc' dir='ltr'><strong>110(Ηο</strong></span> <span class='ocrx_word' id='word_1_25' title='bbox 3529 1214 3725 1273; x_wconf 81' lang='lat' dir='ltr'><strong>dicere</strong></span> 
     </span>
     <span class='ocr_line' id='line_1_3' title="bbox 303 1313 3727 1393; baseline -0.001 -13"><span class='ocrx_word' id='word_1_26' title='bbox 303 1338 437 1380; x_wconf 86' lang='lat' dir='ltr'><strong>cum</strong></span> <span class='ocrx_word' id='word_1_27' title='bbox 475 1316 672 1377; x_wconf 88' lang='lat' dir='ltr'><strong>multis</strong></span> <span class='ocrx_word' id='word_1_28' title='bbox 716 1334 957 1388; x_wconf 75' lang='lat' dir='ltr'><strong>vereor,</strong></span> <span class='ocrx_word' id='word_1_29' title='bbox 1016 1334 1090 1375; x_wconf 92' lang='lat' dir='ltr'><strong>eo</strong></span> <span class='ocrx_word' id='word_1_30' title='bbox 1134 1316 1499 1393; x_wconf 89' lang='lat' dir='ltr'><strong>potissimum</strong></span> <span class='ocrx_word' id='word_1_31' title='bbox 1541 1317 1658 1375; x_wconf 84' lang='lat' dir='ltr'><strong>fine</strong></span> <span class='ocrx_word' id='word_1_32' title='bbox 1702 1314 2127 1387; x_wconf 74' lang='lat' dir='ltr'><strong>fabricabatur,</strong></span> <span class='ocrx_word' id='word_1_33' title='bbox 2171 1326 2238 1374; x_wconf 91' lang='lat' dir='ltr'><strong>ut</strong></span> <span class='ocrx_word' id='word_1_34' title='bbox 2291 1313 2579 1385; x_wconf 86' lang='lat' dir='ltr'><strong>auctoris,</strong></span> <span class='ocrx_word' id='word_1_35' title='bbox 2638 1313 2738 1390; x_wconf 87' lang='lat' dir='ltr'><strong>qui</strong></span> <span class='ocrx_word' id='word_1_36' title='bbox 2780 1314 2855 1373; x_wconf 92' lang='lat' dir='ltr'><strong>de</strong></span> <span class='ocrx_word' id='word_1_37' title='bbox 2898 1315 3072 1374; x_wconf 88' lang='lat' dir='ltr'><strong>rebus</strong></span> <span class='ocrx_word' id='word_1_38' title='bbox 3116 1314 3383 1375; x_wconf 82' lang='lat' dir='ltr'><strong>Judaicis</strong></span> <span class='ocrx_word' id='word_1_39' title='bbox 3425 1316 3524 1375; x_wconf 85' lang='lat' dir='ltr'><strong>vel</strong></span> <span class='ocrx_word' id='word_1_40' title='bbox 3564 1314 3727 1375; x_wconf 91' lang='lat' dir='ltr'><strong>solus</strong></span> 
     </span>
     <span class='ocr_line' id='line_1_4' title="bbox 303 1414 3716 1497; baseline -0.001 -18"><span class='ocrx_word' id='word_1_41' title='bbox 303 1420 401 1479; x_wconf 92' lang='lat' dir='ltr'><strong>vel</strong></span> <span class='ocrx_word' id='word_1_42' title='bbox 456 1419 777 1497; x_wconf 88' lang='lat' dir='ltr'><strong>praecipue</strong></span> <span class='ocrx_word' id='word_1_43' title='bbox 820 1426 1059 1496; x_wconf 85' lang='lat' dir='ltr'><strong>ageret,</strong></span> <span class='ocrx_word' id='word_1_44' title='bbox 1121 1417 1453 1494; x_wconf 89' lang='lat' dir='ltr'><strong>patrocinio</strong></span> <span class='ocrx_word' id='word_1_45' title='bbox 1508 1425 1570 1476; x_wconf 90' lang='lat' dir='ltr'><strong>et</strong></span> <span class='ocrx_word' id='word_1_46' title='bbox 1635 1415 1986 1475; x_wconf 79' lang='lat' dir='ltr'><strong>auctoritate</strong></span> <span class='ocrx_word' id='word_1_47' title='bbox 2062 1435 2139 1475; x_wconf 91' lang='lat' dir='ltr'><strong>ne</strong></span> <span class='ocrx_word' id='word_1_48' title='bbox 2195 1425 2465 1475; x_wconf 91' lang='lat' dir='ltr'><strong>carerent</strong></span> <span class='ocrx_word' id='word_1_49' title='bbox 2542 1416 2602 1473; x_wconf 92' lang='lat' dir='ltr'><strong>in</strong></span> <span class='ocrx_word' id='word_1_50' title='bbox 2670 1414 2999 1491; x_wconf 86' lang='lat' dir='ltr'><strong>primordiis</strong></span> <span class='ocrx_word' id='word_1_51' title='bbox 3068 1416 3478 1477; x_wconf 64' lang='lat' dir='ltr'><strong>christianismi</strong></span> <span class='ocrx_word' id='word_1_52' title='bbox 3543 1434 3716 1475; x_wconf 84' lang='lat' dir='ltr'><strong>enar-</strong></span> 
     </span>
     <span class='ocr_line' id='line_1_5' title="bbox 302 1517 3726 1594; baseline -0.001 -13"><span class='ocrx_word' id='word_1_53' title='bbox 302 1522 501 1581; x_wconf 89' lang='lat' dir='ltr'><strong>randis</strong></span> <span class='ocrx_word' id='word_1_54' title='bbox 543 1519 1051 1593; x_wconf 82' lang='lat' dir='ltr'><strong>confirmandisve,</strong></span> <span class='ocrx_word' id='word_1_55' title='bbox 1093 1537 1246 1577; x_wconf 90' lang='lat' dir='ltr'><strong>neve</strong></span> <span class='ocrx_word' id='word_1_56' title='bbox 1289 1518 1350 1578; x_wconf 93' lang='lat' dir='ltr'><strong>in</strong></span> <span class='ocrx_word' id='word_1_57' title='bbox 1392 1517 1499 1577; x_wconf 90' lang='lat' dir='ltr'><strong>tali</strong></span> <span class='ocrx_word' id='word_1_58' title='bbox 1543 1524 1891 1594; x_wconf 89' lang='lat' dir='ltr'><strong>argumento</strong></span> <span class='ocrx_word' id='word_1_59' title='bbox 1947 1518 2312 1577; x_wconf 84' lang='lat' dir='ltr'><strong>ethnicorum</strong></span> <span class='ocrx_word' id='word_1_60' title='bbox 2365 1517 2711 1593; x_wconf 80' lang='lat' dir='ltr'><strong>scriptorum</strong></span> <span class='ocrx_word' id='word_1_61' title='bbox 2778 1536 2982 1594; x_wconf 86' lang='lat' dir='ltr'><strong>opem,</strong></span> <span class='ocrx_word' id='word_1_62' title='bbox 3046 1535 3195 1593; x_wconf 88' lang='lat' dir='ltr'><strong>quos</strong></span> <span class='ocrx_word' id='word_1_63' title='bbox 3260 1536 3301 1575; x_wconf 91' lang='lat' dir='ltr'><strong>a</strong></span> <span class='ocrx_word' id='word_1_64' title='bbox 3343 1517 3726 1577; x_wconf 83' lang='lat' dir='ltr'><strong>daemonibus</strong></span> 
     </span>
     <span class='ocr_line' id='line_1_6' title="bbox 302 1612 3724 1697; baseline -0 -14"><span class='ocrx_word' id='word_1_65' title='bbox 302 1624 339 1683; x_wconf 89' lang='grc'><strong>1.</strong></span> <span class='ocrx_word' id='word_1_66' title='bbox 385 1643 437 1682; x_wconf 91' lang='grc'><strong>0.</strong></span> <span class='ocrx_word' id='word_1_67' title='bbox 481 1630 700 1681; x_wconf 89' lang='grc'><strong>001000</strong></span> <span class='ocrx_word' id='word_1_68' title='bbox 741 1620 988 1697; x_wconf 89' lang='lat' dir='ltr'><strong>ejusque</strong></span> <span class='ocrx_word' id='word_1_69' title='bbox 1030 1619 1382 1680; x_wconf 88' lang='lat' dir='ltr'><strong>satellitibus</strong></span> <span class='ocrx_word' id='word_1_70' title='bbox 1426 1618 1743 1695; x_wconf 88' lang='lat' dir='ltr'><strong>inspiratos</strong></span> <span class='ocrx_word' id='word_1_71' title='bbox 1784 1618 2196 1695; x_wconf 87' lang='lat' dir='ltr'><strong>opinabantur,</strong></span> <span class='ocrx_word' id='word_1_72' title='bbox 2241 1619 2538 1679; x_wconf 84' lang='lat' dir='ltr'><strong>adhibere·</strong></span> <span class='ocrx_word' id='word_1_73' title='bbox 2560 1629 2930 1690; x_wconf 74' lang='lat' dir='ltr'><strong>cogerentur.</strong></span> <span class='ocrx_word' id='word_1_74' title='bbox 3015 1619 3112 1678; x_wconf 86' lang='lat' dir='ltr'><strong>Ex</strong></span> <span class='ocrx_word' id='word_1_75' title='bbox 3151 1619 3266 1677; x_wconf 88' lang='grc'><strong>1100</strong></span> <span class='ocrx_word' id='word_1_76' title='bbox 3322 1616 3484 1678; x_wconf 85' lang='grc'><strong>10010</strong></span> <span class='ocrx_word' id='word_1_77' title='bbox 3537 1612 3724 1682; x_wconf 68' lang='lat' dir='ltr'><strong>fluxit,</strong></span> 
     </span>
     <span class='ocr_line' id='line_1_7' title="bbox 304 1719 3726 1801; baseline -0.001 -18"><span class='ocrx_word' id='word_1_78' title='bbox 304 1724 465 1801; x_wconf 90' lang='lat' dir='ltr'><strong>quod</strong></span> <span class='ocrx_word' id='word_1_79' title='bbox 505 1721 810 1800; x_wconf 86' lang='lat' dir='ltr'><strong>permultis</strong></span> <span class='ocrx_word' id='word_1_80' title='bbox 852 1722 914 1780; x_wconf 92' lang='lat' dir='ltr'><strong>in</strong></span> <span class='ocrx_word' id='word_1_81' title='bbox 954 1721 1103 1781; x_wconf 89' lang='lat' dir='ltr'><strong>locis</strong></span> <span class='ocrx_word' id='word_1_82' title='bbox 1147 1719 1398 1797; x_wconf 81' lang='lat' dir='ltr'><strong>Josephi</strong></span> <span class='ocrx_word' id='word_1_83' title='bbox 1451 1730 1513 1778; x_wconf 90' lang='lat' dir='ltr'><strong>et</strong></span> <span class='ocrx_word' id='word_1_84' title='bbox 1568 1720 1982 1780; x_wconf 87' lang='lat' dir='ltr'><strong>auctoritatem</strong></span> <span class='ocrx_word' id='word_1_85' title='bbox 2041 1729 2104 1778; x_wconf 92' lang='grc'><strong>01</strong></span> <span class='ocrx_word' id='word_1_86' title='bbox 2158 1722 2343 1780; x_wconf 87' lang='lat' dir='ltr'><strong>verba</strong></span> <span class='ocrx_word' id='word_1_87' title='bbox 2388 1721 2466 1780; x_wconf 88' lang='lat' dir='ltr'><strong>ab</strong></span> <span class='ocrx_word' id='word_1_88' title='bbox 2506 1719 2764 1779; x_wconf 84' lang='lat' dir='ltr'><strong>Eusebio</strong></span> <span class='ocrx_word' id='word_1_89' title='bbox 2809 1721 3054 1797; x_wconf 87' lang='lat' dir='ltr'><strong>aliisque</strong></span> <span class='ocrx_word' id='word_1_90' title='bbox 3111 1720 3492 1796; x_wconf 73' lang='lat' dir='ltr'><strong>scriptoribus</strong></span> <span class='ocrx_word' id='word_1_91' title='bbox 3535 1720 3726 1779; x_wconf 86' lang='lat' dir='ltr'><strong>eccle·</strong></span> 
     </span>
     <span class='ocr_line' id='line_1_8' title="bbox 303 1819 3722 1898; baseline -0.001 -14"><span class='ocrx_word' id='word_1_92' title='bbox 303 1824 558 1885; x_wconf 88' lang='lat' dir='ltr'><strong>siasticis</strong></span> <span class='ocrx_word' id='word_1_93' title='bbox 621 1825 683 1883; x_wconf 90' lang='lat' dir='ltr'><strong>in</strong></span> <span class='ocrx_word' id='word_1_94' title='bbox 747 1823 1029 1882; x_wconf 80' lang='lat' dir='ltr'><strong>auxilium</strong></span> <span class='ocrx_word' id='word_1_95' title='bbox 1091 1832 1312 1882; x_wconf 87' lang='lat' dir='ltr'><strong>vocata</strong></span> <span class='ocrx_word' id='word_1_96' title='bbox 1372 1821 1719 1880; x_wconf 78' lang='lat' dir='ltr'><strong>invenimus.</strong></span> <span class='ocrx_word' id='word_1_97' title='bbox 1838 1819 2136 1881; x_wconf 81' lang='lat' dir='ltr'><strong>Judaeum</strong></span> <span class='ocrx_word' id='word_1_98' title='bbox 2211 1821 2366 1880; x_wconf 89' lang='grc'><strong>00101</strong></span> <span class='ocrx_word' id='word_1_99' title='bbox 2429 1822 2772 1898; x_wconf 76' lang='lat' dir='ltr'><strong>scriptorem</strong></span> <span class='ocrx_word' id='word_1_100' title='bbox 2848 1824 3134 1883; x_wconf 86' lang='lat' dir='ltr'><strong>hactenus</strong></span> <span class='ocrx_word' id='word_1_101' title='bbox 3195 1822 3487 1897; x_wconf 88' lang='lat' dir='ltr'><strong>putabant</strong></span> <span class='ocrx_word' id='word_1_102' title='bbox 3539 1838 3722 1880; x_wconf 88' lang='lat' dir='ltr'><strong>suum.</strong></span> 
     </span>
    </p>

    <p class='ocr_par' dir='ltr' id='par_1_2' title="bbox 269 1922 3808 5457">
     <span class='ocr_line' id='line_1_9' title="bbox 514 1922 3726 2000; baseline -0.002 -14"><span class='ocrx_word' id='word_1_103' title='bbox 514 1924 753 1986; x_wconf 88' lang='lat' dir='ltr'><strong>Seriore</strong></span> <span class='ocrx_word' id='word_1_104' title='bbox 795 1943 941 1983; x_wconf 90' lang='lat' dir='ltr'><strong>vero</strong></span> <span class='ocrx_word' id='word_1_105' title='bbox 985 1934 1207 1997; x_wconf 88' lang='lat' dir='ltr'><strong>aetate,</strong></span> <span class='ocrx_word' id='word_1_106' title='bbox 1249 1925 1551 1983; x_wconf 84' lang='lat' dir='ltr'><strong>literarum</strong></span> <span class='ocrx_word' id='word_1_107' title='bbox 1590 1924 2020 1983; x_wconf 88' lang='lat' dir='ltr'><strong>renascentium</strong></span> <span class='ocrx_word' id='word_1_108' title='bbox 2065 1942 2204 2000; x_wconf 91' lang='lat' dir='ltr'><strong>ope,</strong></span> <span class='ocrx_word' id='word_1_109' title='bbox 2246 1940 2425 1999; x_wconf 88' lang='lat' dir='ltr'><strong>quum</strong></span> <span class='ocrx_word' id='word_1_110' title='bbox 2455 1925 2552 1983; x_wconf 90' lang='lat' dir='ltr'><strong>vel</strong></span> <span class='ocrx_word' id='word_1_111' title='bbox 2595 1924 2880 1984; x_wconf 85' lang='lat' dir='ltr'><strong>hebetiori</strong></span> <span class='ocrx_word' id='word_1_112' title='bbox 2922 1924 3098 1983; x_wconf 90' lang='lat' dir='ltr'><strong>oculo</strong></span> <span class='ocrx_word' id='word_1_113' title='bbox 3129 1922 3505 1983; x_wconf 87' lang='lat' dir='ltr'><strong>manifestum</strong></span> <span class='ocrx_word' id='word_1_114' title='bbox 3548 1932 3726 1995; x_wconf 85' lang='lat' dir='ltr'><strong>esset,</strong></span> 
     </span>
     <span class='ocr_line' id='line_1_10' title="bbox 305 2023 3728 2104; baseline -0.001 -17"><span class='ocrx_word' id='word_1_115' title='bbox 305 2027 501 2087; x_wconf 89' lang='lat' dir='ltr'><strong>multis</strong></span> <span class='ocrx_word' id='word_1_116' title='bbox 542 2027 943 2104; x_wconf 76' lang='lat' dir='ltr'><strong>gravibusque</strong></span> <span class='ocrx_word' id='word_1_117' title='bbox 985 2026 1046 2085; x_wconf 92' lang='lat' dir='ltr'><strong>in</strong></span> <span class='ocrx_word' id='word_1_118' title='bbox 1089 2028 1265 2086; x_wconf 89' lang='lat' dir='ltr'><strong>rebus</strong></span> <span class='ocrx_word' id='word_1_119' title='bbox 1308 2025 1400 2084; x_wconf 77' lang='grc' dir='ltr'><strong>ΕΙ.</strong></span> <span class='ocrx_word' id='word_1_120' title='bbox 1444 2023 1773 2102; x_wconf 83' lang='lat' dir='ltr'><strong>Josephum</strong></span> <span class='ocrx_word' id='word_1_121' title='bbox 1823 2044 1864 2083; x_wconf 93' lang='lat' dir='ltr'><strong>a</strong></span> <span class='ocrx_word' id='word_1_122' title='bbox 1904 2025 2044 2084; x_wconf 91' lang='lat' dir='ltr'><strong>novi</strong></span> <span class='ocrx_word' id='word_1_123' title='bbox 2072 2024 2327 2084; x_wconf 88' lang='lat' dir='ltr'><strong>foederis</strong></span> <span class='ocrx_word' id='word_1_124' title='bbox 2368 2024 2528 2085; x_wconf 90' lang='lat' dir='ltr'><strong>libris</strong></span> <span class='ocrx_word' id='word_1_125' title='bbox 2571 2026 2897 2096; x_wconf 84' lang='grc' dir='ltr'><strong>(110000111ος</strong></span> <span class='ocrx_word' id='word_1_126' title='bbox 2943 2037 3003 2085; x_wconf 85' lang='grc'><strong>01</strong></span> <span class='ocrx_word' id='word_1_127' title='bbox 3042 2025 3288 2085; x_wconf 84' lang='lat' dir='ltr'><strong>Baronii</strong></span> <span class='ocrx_word' id='word_1_128' title='bbox 3331 2033 3393 2083; x_wconf 89' lang='lat' dir='ltr'><strong>et</strong></span> <span class='ocrx_word' id='word_1_129' title='bbox 3437 2024 3728 2085; x_wconf 81' lang='lat' dir='ltr'><strong>Harduini</strong></span> 
     </span>
     <span class='ocr_line' id='line_1_11' title="bbox 304 2121 3728 2204; baseline -0.001 -14"><span class='ocrx_word' id='word_1_130' title='bbox 304 2128 795 2189; x_wconf 82' lang='lat' dir='ltr'><strong>hallucinationes</strong></span> <span class='ocrx_word' id='word_1_131' title='bbox 839 2137 901 2186; x_wconf 91' lang='grc'><strong>01</strong></span> <span class='ocrx_word' id='word_1_132' title='bbox 943 2128 1171 2187; x_wconf 87' lang='grc'><strong>0001010</strong></span> <span class='ocrx_word' id='word_1_133' title='bbox 1213 2136 1467 2198; x_wconf 88' lang='lat' dir='ltr'><strong>taceam,</strong></span> <span class='ocrx_word' id='word_1_134' title='bbox 1510 2144 1756 2202; x_wconf 89' lang='lat' dir='ltr'><strong>quorum</strong></span> <span class='ocrx_word' id='word_1_135' title='bbox 1797 2126 1895 2186; x_wconf 90' lang='lat' dir='ltr'><strong>ille</strong></span> <span class='ocrx_word' id='word_1_136' title='bbox 1937 2144 2127 2186; x_wconf 90' lang='lat' dir='ltr'><strong>coeca</strong></span> <span class='ocrx_word' id='word_1_137' title='bbox 2168 2125 2565 2186; x_wconf 85' lang='lat' dir='ltr'><strong>obsoletarum</strong></span> <span class='ocrx_word' id='word_1_138' title='bbox 2593 2126 3018 2187; x_wconf 82' lang='lat' dir='ltr'><strong>institutionum</strong></span> <span class='ocrx_word' id='word_1_139' title='bbox 3058 2126 3383 2204; x_wconf 85' lang='lat' dir='ltr'><strong>cupiditate</strong></span> <span class='ocrx_word' id='word_1_140' title='bbox 3415 2121 3728 2199; x_wconf 85' lang='lat' dir='ltr'><strong>abductus,</strong></span> 
     </span>
     <span class='ocr_line' id='line_1_12' title="bbox 306 2226 3729 2305; baseline -0.001 -15"><span class='ocrx_word' id='word_1_141' title='bbox 306 2231 494 2291; x_wconf 88' lang='lat' dir='ltr'><strong>multa</strong></span> <span class='ocrx_word' id='word_1_142' title='bbox 536 2230 596 2289; x_wconf 91' lang='lat' dir='ltr'><strong>in</strong></span> <span class='ocrx_word' id='word_1_143' title='bbox 637 2228 885 2288; x_wconf 87' lang='lat' dir='ltr'><strong>historia</strong></span> <span class='ocrx_word' id='word_1_144' title='bbox 926 2237 1146 2287; x_wconf 89' lang='lat' dir='ltr'><strong>temere</strong></span> <span class='ocrx_word' id='word_1_145' title='bbox 1190 2227 1450 2287; x_wconf 84' lang='lat' dir='ltr'><strong>turbavit</strong></span> <span class='ocrx_word' id='word_1_146' title='bbox 1492 2247 1565 2286; x_wconf 91' lang='grc'><strong>00</strong></span> <span class='ocrx_word' id='word_1_147' title='bbox 1608 2228 1986 2304; x_wconf 80' lang='lat' dir='ltr'><strong>depravavit,</strong></span> <span class='ocrx_word' id='word_1_148' title='bbox 2028 2227 2122 2287; x_wconf 81' lang='lat' dir='ltr'><strong>hic</strong></span> <span class='ocrx_word' id='word_1_149' title='bbox 2186 2246 2261 2286; x_wconf 92' lang='lat' dir='ltr'><strong>ne</strong></span> <span class='ocrx_word' id='word_1_150' title='bbox 2323 2226 2785 2289; x_wconf 82' lang='lat' dir='ltr'><strong>luculentissima</strong></span> <span class='ocrx_word' id='word_1_151' title='bbox 2837 2228 3071 2305; x_wconf 88' lang='lat' dir='ltr'><strong>quidem</strong></span> <span class='ocrx_word' id='word_1_152' title='bbox 3127 2227 3491 2303; x_wconf 82' lang='lat' dir='ltr'><strong>antiquitatis</strong></span> <span class='ocrx_word' id='word_1_153' title='bbox 3539 2245 3729 2305; x_wconf 86' lang='lat' dir='ltr'><strong>opera</strong></span> 
     </span>
     <span class='ocr_line' id='line_1_13' title="bbox 306 2329 3730 2408; baseline -0.003 -14"><span class='ocrx_word' id='word_1_154' title='bbox 306 2335 542 2408; x_wconf 83' lang='lat' dir='ltr'><strong>integra</strong></span> <span class='ocrx_word' id='word_1_155' title='bbox 585 2350 657 2390; x_wconf 97' lang='grc'><strong>00</strong></span> <span class='ocrx_word' id='word_1_156' title='bbox 697 2331 931 2389; x_wconf 87' lang='grc'><strong>0100010</strong></span> <span class='ocrx_word' id='word_1_157' title='bbox 974 2347 1106 2389; x_wconf 89' lang='grc'><strong>0000</strong></span> <span class='ocrx_word' id='word_1_158' title='bbox 1150 2329 1453 2406; x_wconf 82' lang='lat' dir='ltr'><strong>reputavit</strong></span> <span class='ocrx_word' id='word_1_159' title='bbox 1495 2329 1695 2404; x_wconf 81' lang='lat' dir='ltr'><strong>(Jost.</strong></span> <span class='ocrx_word' id='word_1_160' title='bbox 1743 2329 1783 2386; x_wconf 87' lang='lat'><strong>1.</strong></span> <span class='ocrx_word' id='word_1_161' title='bbox 1827 2348 1878 2389; x_wconf 91' lang='lat' dir='ltr'><strong>c.</strong></span> <span class='ocrx_word' id='word_1_162' title='bbox 1930 2331 1980 2391; x_wconf 87' lang='lat' dir='ltr'><strong>L</strong></span> <span class='ocrx_word' id='word_1_163' title='bbox 2035 2329 2288 2405; x_wconf 83' lang='lat' dir='ltr'><strong>append.</strong></span> <span class='ocrx_word' id='word_1_164' title='bbox 2343 2348 2399 2404; x_wconf 83' lang='lat' dir='ltr'><strong>p.</strong></span> <span class='ocrx_word' id='word_1_165' title='bbox 2461 2330 2556 2387; x_wconf 90' lang='lat'><strong>10.</strong></span> <span class='ocrx_word' id='word_1_166' title='bbox 2623 2331 2716 2403; x_wconf 90' lang='lat'><strong>11,</strong></span> <span class='ocrx_word' id='word_1_167' title='bbox 2761 2333 2916 2404; x_wconf 83' lang='lat'><strong>57),</strong></span> <span class='ocrx_word' id='word_1_168' title='bbox 2969 2331 3120 2388; x_wconf 82' lang='lat' dir='ltr'><strong>tales</strong></span> <span class='ocrx_word' id='word_1_169' title='bbox 3175 2329 3353 2389; x_wconf 89' lang='lat' dir='ltr'><strong>etiam</strong></span> <span class='ocrx_word' id='word_1_170' title='bbox 3411 2329 3597 2401; x_wconf 84' lang='lat' dir='ltr'><strong>viros,</strong></span> <span class='ocrx_word' id='word_1_171' title='bbox 3645 2336 3730 2386; x_wconf 81' lang='lat' dir='ltr'><strong>-ut</strong></span> 
     </span>
     <span class='ocr_line' id='line_1_14' title="bbox 309 2429 3728 2511; baseline -0.002 -15"><span class='ocrx_word' id='word_1_172' title='bbox 309 2433 682 2511; x_wconf 86' lang='lat' dir='ltr'><strong>Scaligerum</strong></span> <span class='ocrx_word' id='word_1_173' title='bbox 726 2441 787 2490; x_wconf 92' lang='lat' dir='ltr'><strong>et</strong></span> <span class='ocrx_word' id='word_1_174' title='bbox 826 2430 1161 2504; x_wconf 80' lang='lat' dir='ltr'><strong>valesium,</strong></span> <span class='ocrx_word' id='word_1_175' title='bbox 1206 2429 1532 2507; x_wconf 81' lang='lat' dir='ltr'><strong>Josephum</strong></span> <span class='ocrx_word' id='word_1_176' title='bbox 1580 2430 1891 2501; x_wconf 84' lang='lat' dir='ltr'><strong>„miserum</strong></span> <span class='ocrx_word' id='word_1_177' title='bbox 1935 2439 1996 2489; x_wconf 89' lang='grc'><strong>01</strong></span> <span class='ocrx_word' id='word_1_178' title='bbox 2036 2430 2461 2489; x_wconf 88' lang='grc'><strong>0000011001010</strong></span> <span class='ocrx_word' id='word_1_179' title='bbox 2496 2429 2792 2491; x_wconf 80' lang='lat' dir='ltr'><strong>Judaeum</strong></span> <span class='ocrx_word' id='word_1_180' title='bbox 2838 2432 3142 2509; x_wconf 88' lang='lat' dir='ltr'><strong>appellare</strong></span> <span class='ocrx_word' id='word_1_181' title='bbox 3187 2429 3428 2507; x_wconf 83' lang='lat' dir='ltr'><strong>ejusque</strong></span> <span class='ocrx_word' id='word_1_182' title='bbox 3473 2430 3728 2489; x_wconf 90' lang='lat' dir='ltr'><strong>auctori-</strong></span> 
     </span>
     <span class='ocr_line' id='line_1_15' title="bbox 309 2530 3725 2611; baseline -0.002 -15"><span class='ocrx_word' id='word_1_183' title='bbox 309 2546 534 2611; x_wconf 88' lang='lat' dir='ltr'><strong>„tatem</strong></span> <span class='ocrx_word' id='word_1_184' title='bbox 577 2552 724 2611; x_wconf 90' lang='lat' dir='ltr'><strong>prae</strong></span> <span class='ocrx_word' id='word_1_185' title='bbox 768 2533 1149 2608; x_wconf 87' lang='lat' dir='ltr'><strong>evangelistis</strong></span> <span class='ocrx_word' id='word_1_186' title='bbox 1193 2533 1363 2609; x_wconf 88' lang='lat' dir='ltr'><strong>quasi</strong></span> <span class='ocrx_word' id='word_1_187' title='bbox 1404 2532 1575 2591; x_wconf 83' lang='lat' dir='ltr'><strong>flocci</strong></span> <span class='ocrx_word' id='word_1_188' title='bbox 1618 2530 1856 2591; x_wconf 73' lang='lat' dir='ltr'><strong>facere‘*</strong></span> <span class='ocrx_word' id='word_1_189' title='bbox 1903 2532 2346 2592; x_wconf 84' lang='lat' dir='ltr'><strong>observavimus</strong></span> <span class='ocrx_word' id='word_1_190' title='bbox 2389 2530 2688 2606; x_wconf 81' lang='lat' dir='ltr'><strong>(Quaestt.</strong></span> <span class='ocrx_word' id='word_1_191' title='bbox 2715 2534 2971 2594; x_wconf 85' lang='lat' dir='ltr'><strong>Flavian</strong></span> <span class='ocrx_word' id='word_1_192' title='bbox 3018 2536 3090 2605; x_wconf 88' lang='grc'><strong>1.,</strong></span> <span class='ocrx_word' id='word_1_193' title='bbox 3133 2552 3192 2610; x_wconf 91' lang='lat' dir='ltr'><strong>p.</strong></span> <span class='ocrx_word' id='word_1_194' title='bbox 3229 2533 3354 2605; x_wconf 72' lang='lat'><strong>12),</strong></span> <span class='ocrx_word' id='word_1_195' title='bbox 3437 2534 3512 2591; x_wconf 86' lang='lat' dir='ltr'><strong>In</strong></span> <span class='ocrx_word' id='word_1_196' title='bbox 3551 2541 3725 2590; x_wconf 87' lang='grc'><strong>10010</strong></span> 
     </span>
     <span class='ocr_line' id='line_1_16' title="bbox 298 2632 3725 2715; baseline -0.002 -17"><span class='ocrx_word' id='word_1_197' title='bbox 298 2637 655 2715; x_wconf 87' lang='lat' dir='ltr'><strong>judiciorum</strong></span> <span class='ocrx_word' id='word_1_198' title='bbox 699 2634 1101 2710; x_wconf 85' lang='lat' dir='ltr'><strong>discrepantia</strong></span> <span class='ocrx_word' id='word_1_199' title='bbox 1141 2634 1377 2711; x_wconf 88' lang='lat' dir='ltr'><strong>singula</strong></span> <span class='ocrx_word' id='word_1_200' title='bbox 1416 2636 1531 2693; x_wconf 89' lang='grc'><strong>1100</strong></span> <span class='ocrx_word' id='word_1_201' title='bbox 1571 2632 1955 2710; x_wconf 85' lang='grc'><strong>90111000110,</strong></span> <span class='ocrx_word' id='word_1_202' title='bbox 1999 2653 2157 2709; x_wconf 86' lang='grc'><strong>0000</strong></span> <span class='ocrx_word' id='word_1_203' title='bbox 2200 2633 2385 2699; x_wconf 85' lang='lat' dir='ltr'><strong>multa</strong></span> <span class='ocrx_word' id='word_1_204' title='bbox 2426 2641 2593 2703; x_wconf 92' lang='lat' dir='ltr'><strong>sunt,</strong></span> <span class='ocrx_word' id='word_1_205' title='bbox 2637 2643 2916 2695; x_wconf 85' lang='lat' dir='ltr'><strong>excutere</strong></span> <span class='ocrx_word' id='word_1_206' title='bbox 2970 2655 3042 2694; x_wconf 91' lang='lat' dir='ltr'><strong>ac</strong></span> <span class='ocrx_word' id='word_1_207' title='bbox 3097 2635 3408 2711; x_wconf 78' lang='lat' dir='ltr'><strong>diligenter</strong></span> <span class='ocrx_word' id='word_1_208' title='bbox 3452 2635 3725 2710; x_wconf 86' lang='lat' dir='ltr'><strong>persequi</strong></span> 
     </span>
     <span class='ocr_line' id='line_1_17' title="bbox 309 2732 3808 2815; baseline -0.001 -17"><span class='ocrx_word' id='word_1_209' title='bbox 309 2739 592 2815; x_wconf 88' lang='lat' dir='ltr'><strong>optimum</strong></span> <span class='ocrx_word' id='word_1_210' title='bbox 636 2734 940 2794; x_wconf 88' lang='lat' dir='ltr'><strong>videbitur.</strong></span> <span class='ocrx_word' id='word_1_211' title='bbox 1026 2736 1098 2794; x_wconf 89' lang='lat' dir='ltr'><strong>In</strong></span> <span class='ocrx_word' id='word_1_212' title='bbox 1141 2754 1259 2811; x_wconf 91' lang='lat' dir='ltr'><strong>quo</strong></span> <span class='ocrx_word' id='word_1_213' title='bbox 1301 2736 1363 2795; x_wconf 92' lang='lat' dir='ltr'><strong>in</strong></span> <span class='ocrx_word' id='word_1_214' title='bbox 1405 2735 1739 2795; x_wconf 88' lang='lat' dir='ltr'><strong>universum</strong></span> <span class='ocrx_word' id='word_1_215' title='bbox 1783 2743 1922 2793; x_wconf 87' lang='lat' dir='ltr'><strong>ante</strong></span> <span class='ocrx_word' id='word_1_216' title='bbox 1966 2734 2164 2794; x_wconf 92' lang='lat' dir='ltr'><strong>omnia</strong></span> <span class='ocrx_word' id='word_1_217' title='bbox 2195 2732 2325 2808; x_wconf 89' lang='lat' dir='ltr'><strong>jam</strong></span> <span class='ocrx_word' id='word_1_218' title='bbox 2366 2734 2480 2793; x_wconf 90' lang='grc'><strong>1100</strong></span> <span class='ocrx_word' id='word_1_219' title='bbox 2522 2738 2968 2812; x_wconf 88' lang='lat' dir='ltr'><strong>proponendum</strong></span> <span class='ocrx_word' id='word_1_220' title='bbox 3011 2737 3273 2808; x_wconf 85' lang='lat' dir='ltr'><strong>videtur,</strong></span> <span class='ocrx_word' id='word_1_221' title='bbox 3318 2753 3721 2812; x_wconf 88' lang='lat' dir='ltr'><strong>quaecumque</strong></span> <span class='ocrx_word' id='word_1_222' title='bbox 3803 2750 3808 2757; x_wconf 91' lang='lat'>·</span> 
     </span>
     <span class='ocr_line' id='line_1_18' title="bbox 308 2834 3718 2913; baseline -0.001 -14"><span class='ocrx_word' id='word_1_223' title='bbox 308 2841 387 2899; x_wconf 89' lang='lat' dir='ltr'><strong>ad</strong></span> <span class='ocrx_word' id='word_1_224' title='bbox 426 2839 617 2913; x_wconf 89' lang='lat' dir='ltr'><strong>ipsum</strong></span> <span class='ocrx_word' id='word_1_225' title='bbox 640 2844 943 2895; x_wconf 88' lang='lat' dir='ltr'><strong>auctorem</strong></span> <span class='ocrx_word' id='word_1_226' title='bbox 988 2835 1231 2912; x_wconf 86' lang='lat' dir='ltr'><strong>ejusque</strong></span> <span class='ocrx_word' id='word_1_227' title='bbox 1275 2837 1530 2896; x_wconf 85' lang='lat' dir='ltr'><strong>indolem</strong></span> <span class='ocrx_word' id='word_1_228' title='bbox 1554 2855 1626 2895; x_wconf 90' lang='lat' dir='ltr'><strong>ac</strong></span> <span class='ocrx_word' id='word_1_229' title='bbox 1658 2844 1925 2893; x_wconf 89' lang='lat' dir='ltr'><strong>naturam</strong></span> <span class='ocrx_word' id='word_1_230' title='bbox 1971 2844 2032 2893; x_wconf 92' lang='lat' dir='ltr'><strong>et</strong></span> <span class='ocrx_word' id='word_1_231' title='bbox 2075 2834 2153 2893; x_wconf 90' lang='lat' dir='ltr'><strong>ad</strong></span> <span class='ocrx_word' id='word_1_232' title='bbox 2196 2834 2356 2892; x_wconf 88' lang='lat' dir='ltr'><strong>vitae</strong></span> <span class='ocrx_word' id='word_1_233' title='bbox 2398 2836 2764 2895; x_wconf 85' lang='lat' dir='ltr'><strong>conditiones</strong></span> <span class='ocrx_word' id='word_1_234' title='bbox 2797 2837 3342 2912; x_wconf 82' lang='lat' dir='ltr'><strong>vicissitudinesque</strong></span> <span class='ocrx_word' id='word_1_235' title='bbox 3372 2836 3718 2912; x_wconf 85' lang='lat' dir='ltr'><strong>pertineant,</strong></span> 
     </span>
     <span class='ocr_line' id='line_1_19' title="bbox 307 2935 3718 3014; baseline -0.001 -14"><span class='ocrx_word' id='word_1_236' title='bbox 307 2940 417 3000; x_wconf 90' lang='lat' dir='ltr'><strong>tali</strong></span> <span class='ocrx_word' id='word_1_237' title='bbox 478 2938 655 2998; x_wconf 90' lang='lat' dir='ltr'><strong>modo</strong></span> <span class='ocrx_word' id='word_1_238' title='bbox 720 2935 902 2995; x_wconf 88' lang='lat' dir='ltr'><strong>fuisse</strong></span> <span class='ocrx_word' id='word_1_239' title='bbox 969 2956 1008 2996; x_wconf 91' lang='lat' dir='ltr'><strong>a</strong></span> <span class='ocrx_word' id='word_1_240' title='bbox 1072 2936 1310 2996; x_wconf 89' lang='lat' dir='ltr'><strong>fortuna</strong></span> <span class='ocrx_word' id='word_1_241' title='bbox 1374 2947 1749 3013; x_wconf 86' lang='lat' dir='ltr'><strong>comparata,</strong></span> <span class='ocrx_word' id='word_1_242' title='bbox 1819 2945 1885 2995; x_wconf 90' lang='lat' dir='ltr'><strong>ut</strong></span> <span class='ocrx_word' id='word_1_243' title='bbox 1939 2937 2067 2996; x_wconf 86' lang='lat' dir='ltr'><strong>fieri</strong></span> <span class='ocrx_word' id='word_1_244' title='bbox 2135 2955 2252 2997; x_wconf 91' lang='lat' dir='ltr'><strong>non</strong></span> <span class='ocrx_word' id='word_1_245' title='bbox 2315 2937 2606 3014; x_wconf 85' lang='lat' dir='ltr'><strong>potuerit,</strong></span> <span class='ocrx_word' id='word_1_246' title='bbox 2672 2937 2812 3012; x_wconf 88' lang='lat' dir='ltr'><strong>quin</strong></span> <span class='ocrx_word' id='word_1_247' title='bbox 2863 2939 2922 2996; x_wconf 91' lang='lat' dir='ltr'><strong>in</strong></span> <span class='ocrx_word' id='word_1_248' title='bbox 2965 2937 3272 2997; x_wconf 89' lang='lat' dir='ltr'><strong>scribendo</strong></span> <span class='ocrx_word' id='word_1_249' title='bbox 3327 2956 3446 2997; x_wconf 90' lang='lat' dir='ltr'><strong>non</strong></span> <span class='ocrx_word' id='word_1_250' title='bbox 3510 2937 3718 3012; x_wconf 85' lang='lat' dir='ltr'><strong>ubique</strong></span> 
     </span>
     <span class='ocr_line' id='line_1_20' title="bbox 309 3036 3721 3115; baseline -0.002 -13"><span class='ocrx_word' id='word_1_251' title='bbox 309 3043 621 3102; x_wconf 87' lang='lat' dir='ltr'><strong>veritatem</strong></span> <span class='ocrx_word' id='word_1_252' title='bbox 642 3041 877 3099; x_wconf 88' lang='lat' dir='ltr'><strong>unicam</strong></span> <span class='ocrx_word' id='word_1_253' title='bbox 918 3047 1283 3115; x_wconf 80' lang='lat' dir='ltr'><strong>sequeretur,</strong></span> <span class='ocrx_word' id='word_1_254' title='bbox 1326 3057 1520 3115; x_wconf 90' lang='lat' dir='ltr'><strong>neque</strong></span> <span class='ocrx_word' id='word_1_255' title='bbox 1552 3056 1785 3114; x_wconf 88' lang='lat' dir='ltr'><strong>semper</strong></span> <span class='ocrx_word' id='word_1_256' title='bbox 1806 3038 2098 3097; x_wconf 90' lang='lat' dir='ltr'><strong>sincerum</strong></span> <span class='ocrx_word' id='word_1_257' title='bbox 2131 3037 2418 3113; x_wconf 88' lang='lat' dir='ltr'><strong>judicium</strong></span> <span class='ocrx_word' id='word_1_258' title='bbox 2442 3040 2515 3101; x_wconf 89' lang='lat' dir='ltr'><strong>de</strong></span> <span class='ocrx_word' id='word_1_259' title='bbox 2559 3039 2731 3097; x_wconf 89' lang='lat' dir='ltr'><strong>rebus</strong></span> <span class='ocrx_word' id='word_1_260' title='bbox 2766 3039 3207 3114; x_wconf 88' lang='lat' dir='ltr'><strong>hominibusque</strong></span> <span class='ocrx_word' id='word_1_261' title='bbox 3253 3039 3449 3098; x_wconf 85' lang='lat' dir='ltr'><strong>ferret.</strong></span> <span class='ocrx_word' id='word_1_262' title='bbox 3539 3036 3721 3113; x_wconf 83' lang='lat' dir='ltr'><strong>Cujus</strong></span> 
     </span>
     <span class='ocr_line' id='line_1_21' title="bbox 306 3139 3723 3221; baseline -0.002 -18"><span class='ocrx_word' id='word_1_263' title='bbox 306 3144 447 3204; x_wconf 88' lang='lat' dir='ltr'><strong>mali</strong></span> <span class='ocrx_word' id='word_1_264' title='bbox 490 3142 719 3221; x_wconf 88' lang='lat' dir='ltr'><strong>prima</strong></span> <span class='ocrx_word' id='word_1_265' title='bbox 761 3159 994 3201; x_wconf 90' lang='lat' dir='ltr'><strong>causa</strong></span> <span class='ocrx_word' id='word_1_266' title='bbox 1033 3139 1187 3200; x_wconf 89' lang='lat' dir='ltr'><strong>haec</strong></span> <span class='ocrx_word' id='word_1_267' title='bbox 1230 3149 1341 3213; x_wconf 87' lang='lat' dir='ltr'><strong>est,</strong></span> <span class='ocrx_word' id='word_1_268' title='bbox 1407 3139 1595 3216; x_wconf 90' lang='lat' dir='ltr'><strong>quod,</strong></span> <span class='ocrx_word' id='word_1_269' title='bbox 1662 3159 1839 3218; x_wconf 91' lang='lat' dir='ltr'><strong>quum</strong></span> <span class='ocrx_word' id='word_1_270' title='bbox 1894 3139 2108 3200; x_wconf 88' lang='lat' dir='ltr'><strong>ceteris</strong></span> <span class='ocrx_word' id='word_1_271' title='bbox 2171 3141 2229 3200; x_wconf 88' lang='lat' dir='ltr'><strong>in</strong></span> <span class='ocrx_word' id='word_1_272' title='bbox 2293 3141 2452 3202; x_wconf 90' lang='lat' dir='ltr'><strong>libris</strong></span> <span class='ocrx_word' id='word_1_273' title='bbox 2515 3150 2638 3200; x_wconf 89' lang='lat' dir='ltr'><strong>tum</strong></span> <span class='ocrx_word' id='word_1_274' title='bbox 2690 3160 2834 3199; x_wconf 85' lang='lat' dir='ltr'><strong>vero</strong></span> <span class='ocrx_word' id='word_1_275' title='bbox 2886 3142 3140 3200; x_wconf 88' lang='lat' dir='ltr'><strong>maxime</strong></span> <span class='ocrx_word' id='word_1_276' title='bbox 3191 3141 3250 3200; x_wconf 90' lang='lat' dir='ltr'><strong>in</strong></span> <span class='ocrx_word' id='word_1_277' title='bbox 3305 3141 3403 3213; x_wconf 89' lang='lat' dir='ltr'><strong>iis,</strong></span> <span class='ocrx_word' id='word_1_278' title='bbox 3458 3159 3604 3217; x_wconf 88' lang='lat' dir='ltr'><strong>quos</strong></span> <span class='ocrx_word' id='word_1_279' title='bbox 3649 3139 3723 3198; x_wconf 90' lang='lat' dir='ltr'><strong>de</strong></span> 
     </span>
     <span class='ocr_line' id='line_1_22' title="bbox 306 3240 3723 3322; baseline -0.001 -17"><span class='ocrx_word' id='word_1_280' title='bbox 306 3245 853 3322; x_wconf 84' lang='lat' dir='ltr'><strong>Hierosolymorum</strong></span> <span class='ocrx_word' id='word_1_281' title='bbox 898 3243 1130 3302; x_wconf 85' lang='lat' dir='ltr'><strong>excidio</strong></span> <span class='ocrx_word' id='word_1_282' title='bbox 1175 3241 1536 3318; x_wconf 88' lang='lat' dir='ltr'><strong>composuit,</strong></span> <span class='ocrx_word' id='word_1_283' title='bbox 1579 3243 1794 3302; x_wconf 89' lang='lat' dir='ltr'><strong>bellum</strong></span> <span class='ocrx_word' id='word_1_284' title='bbox 1847 3262 1885 3301; x_wconf 89' lang='lat' dir='ltr'><strong>a</strong></span> <span class='ocrx_word' id='word_1_285' title='bbox 1939 3241 2323 3319; x_wconf 87' lang='lat' dir='ltr'><strong>popularibus</strong></span> <span class='ocrx_word' id='word_1_286' title='bbox 2365 3242 2487 3301; x_wconf 90' lang='lat' dir='ltr'><strong>suis</strong></span> <span class='ocrx_word' id='word_1_287' title='bbox 2529 3251 2736 3304; x_wconf 84' lang='lat' dir='ltr'><strong>contra</strong></span> <span class='ocrx_word' id='word_1_288' title='bbox 2778 3244 3080 3306; x_wconf 87' lang='lat' dir='ltr'><strong>Romanos</strong></span> <span class='ocrx_word' id='word_1_289' title='bbox 3135 3253 3502 3321; x_wconf 84' lang='lat' dir='ltr'><strong>susceptum,</strong></span> <span class='ocrx_word' id='word_1_290' title='bbox 3554 3240 3723 3317; x_wconf 87' lang='lat' dir='ltr'><strong>cujus</strong></span> 
     </span>
     <span class='ocr_line' id='line_1_23' title="bbox 304 3342 3724 3425; baseline -0.001 -19"><span class='ocrx_word' id='word_1_291' title='bbox 304 3349 433 3425; x_wconf 91' lang='lat' dir='ltr'><strong>ipse</strong></span> <span class='ocrx_word' id='word_1_292' title='bbox 475 3365 617 3423; x_wconf 87' lang='lat' dir='ltr'><strong>pars</strong></span> <span class='ocrx_word' id='word_1_293' title='bbox 659 3364 881 3422; x_wconf 90' lang='lat' dir='ltr'><strong>magna</strong></span> <span class='ocrx_word' id='word_1_294' title='bbox 920 3344 1145 3416; x_wconf 88' lang='lat' dir='ltr'><strong>fuerat,</strong></span> <span class='ocrx_word' id='word_1_295' title='bbox 1202 3362 1489 3403; x_wconf 86' lang='lat' dir='ltr'><strong>excusare</strong></span> <span class='ocrx_word' id='word_1_296' title='bbox 1542 3345 1640 3402; x_wconf 89' lang='lat' dir='ltr'><strong>vel</strong></span> <span class='ocrx_word' id='word_1_297' title='bbox 1690 3353 1756 3402; x_wconf 91' lang='lat' dir='ltr'><strong>ut</strong></span> <span class='ocrx_word' id='word_1_298' title='bbox 1797 3342 2022 3419; x_wconf 89' lang='lat' dir='ltr'><strong>justum</strong></span> <span class='ocrx_word' id='word_1_299' title='bbox 2076 3352 2138 3401; x_wconf 90' lang='grc'><strong>01</strong></span> <span class='ocrx_word' id='word_1_300' title='bbox 2189 3344 2586 3403; x_wconf 84' lang='grc' dir='ltr'><strong>000000011οω</strong></span> <span class='ocrx_word' id='word_1_301' title='bbox 2639 3346 3024 3421; x_wconf 88' lang='lat' dir='ltr'><strong>comprobare</strong></span> <span class='ocrx_word' id='word_1_302' title='bbox 3067 3345 3304 3404; x_wconf 87' lang='lat' dir='ltr'><strong>studuit.</strong></span> <span class='ocrx_word' id='word_1_303' title='bbox 3389 3345 3527 3404; x_wconf 87' lang='lat' dir='ltr'><strong>Istis</strong></span> <span class='ocrx_word' id='word_1_304' title='bbox 3570 3344 3724 3403; x_wconf 90' lang='grc'><strong>0111111</strong></span> 
     </span>
     <span class='ocr_line' id='line_1_24' title="bbox 304 3444 3726 3525; baseline -0.001 -15"><span class='ocrx_word' id='word_1_305' title='bbox 304 3448 695 3525; x_wconf 85' lang='lat' dir='ltr'><strong>temporibus,</strong></span> <span class='ocrx_word' id='word_1_306' title='bbox 740 3447 925 3506; x_wconf 88' lang='lat' dir='ltr'><strong>cruda</strong></span> <span class='ocrx_word' id='word_1_307' title='bbox 967 3446 1268 3506; x_wconf 85' lang='lat' dir='ltr'><strong>etiamtum</strong></span> <span class='ocrx_word' id='word_1_308' title='bbox 1314 3465 1606 3505; x_wconf 87' lang='lat' dir='ltr'><strong>armorum</strong></span> <span class='ocrx_word' id='word_1_309' title='bbox 1650 3463 1722 3503; x_wconf 89' lang='lat' dir='ltr'><strong>ac</strong></span> <span class='ocrx_word' id='word_1_310' title='bbox 1765 3444 2010 3504; x_wconf 89' lang='lat' dir='ltr'><strong>bellicae</strong></span> <span class='ocrx_word' id='word_1_311' title='bbox 2034 3445 2322 3504; x_wconf 89' lang='lat' dir='ltr'><strong>saevitiae</strong></span> <span class='ocrx_word' id='word_1_312' title='bbox 2364 3445 2666 3516; x_wconf 86' lang='lat' dir='ltr'><strong>memoria,</strong></span> <span class='ocrx_word' id='word_1_313' title='bbox 2710 3445 2871 3506; x_wconf 89' lang='lat' dir='ltr'><strong>cives</strong></span> <span class='ocrx_word' id='word_1_314' title='bbox 2913 3447 3003 3504; x_wconf 90' lang='lat' dir='ltr'><strong>sui</strong></span> <span class='ocrx_word' id='word_1_315' title='bbox 3058 3446 3274 3506; x_wconf 89' lang='lat' dir='ltr'><strong>bellum</strong></span> <span class='ocrx_word' id='word_1_316' title='bbox 3317 3447 3726 3525; x_wconf 86' lang='lat' dir='ltr'><strong>gravissimum</strong></span> 
     </span>
     <span class='ocr_line' id='line_1_25' title="bbox 308 3546 3724 3625; baseline -0.001 -16"><span class='ocrx_word' id='word_1_317' title='bbox 308 3551 388 3610; x_wconf 87' lang='lat' dir='ltr'><strong>ad</strong></span> <span class='ocrx_word' id='word_1_318' title='bbox 427 3548 887 3608; x_wconf 84' lang='lat' dir='ltr'><strong>internecionem</strong></span> <span class='ocrx_word' id='word_1_319' title='bbox 917 3566 1102 3625; x_wconf 90' lang='lat' dir='ltr'><strong>usque</strong></span> <span class='ocrx_word' id='word_1_320' title='bbox 1147 3556 1412 3607; x_wconf 88' lang='lat' dir='ltr'><strong>extrema</strong></span> <span class='ocrx_word' id='word_1_321' title='bbox 1453 3547 1660 3606; x_wconf 86' lang='lat' dir='ltr'><strong>virium</strong></span> <span class='ocrx_word' id='word_1_322' title='bbox 1688 3546 2010 3606; x_wconf 85' lang='lat' dir='ltr'><strong>intentione</strong></span> <span class='ocrx_word' id='word_1_323' title='bbox 2053 3546 2229 3604; x_wconf 92' lang='lat' dir='ltr'><strong>modo</strong></span> <span class='ocrx_word' id='word_1_324' title='bbox 2252 3556 2592 3623; x_wconf 87' lang='lat' dir='ltr'><strong>gesserant;</strong></span> <span class='ocrx_word' id='word_1_325' title='bbox 2636 3548 2823 3607; x_wconf 88' lang='lat' dir='ltr'><strong>omnis</strong></span> <span class='ocrx_word' id='word_1_326' title='bbox 2852 3547 3184 3625; x_wconf 86' lang='lat' dir='ltr'><strong>respublica</strong></span> <span class='ocrx_word' id='word_1_327' title='bbox 3212 3567 3415 3610; x_wconf 89' lang='lat' dir='ltr'><strong>eorum</strong></span> <span class='ocrx_word' id='word_1_328' title='bbox 3436 3549 3724 3624; x_wconf 85' lang='lat' dir='ltr'><strong>collapsa,</strong></span> 
     </span>
     <span class='ocr_line' id='line_1_26' title="bbox 308 3647 3727 3727; baseline -0 -17"><span class='ocrx_word' id='word_1_329' title='bbox 308 3651 541 3711; x_wconf 87' lang='lat' dir='ltr'><strong>alienae</strong></span> <span class='ocrx_word' id='word_1_330' title='bbox 601 3650 806 3709; x_wconf 89' lang='lat' dir='ltr'><strong>ditioni</strong></span> <span class='ocrx_word' id='word_1_331' title='bbox 869 3648 1176 3724; x_wconf 88' lang='lat' dir='ltr'><strong>subjecta,</strong></span> <span class='ocrx_word' id='word_1_332' title='bbox 1241 3667 1373 3708; x_wconf 91' lang='grc'><strong>0001</strong></span> <span class='ocrx_word' id='word_1_333' title='bbox 1440 3650 1652 3710; x_wconf 87' lang='lat' dir='ltr'><strong>ceteris</strong></span> <span class='ocrx_word' id='word_1_334' title='bbox 1716 3647 1997 3708; x_wconf 88' lang='lat' dir='ltr'><strong>institutis</strong></span> <span class='ocrx_word' id='word_1_335' title='bbox 2057 3647 2324 3708; x_wconf 89' lang='lat' dir='ltr'><strong>civilibus</strong></span> <span class='ocrx_word' id='word_1_336' title='bbox 2367 3667 2440 3708; x_wconf 88' lang='lat' dir='ltr'><strong>ac</strong></span> <span class='ocrx_word' id='word_1_337' title='bbox 2504 3647 2797 3725; x_wconf 85' lang='lat' dir='ltr'><strong>religiosis</strong></span> <span class='ocrx_word' id='word_1_338' title='bbox 2814 3692 2832 3722; x_wconf 95' lang='lat'><strong>,</strong></span> <span class='ocrx_word' id='word_1_339' title='bbox 2898 3660 3232 3722; x_wconf 85' lang='lat' dir='ltr'><strong>corruerat3</strong></span> <span class='ocrx_word' id='word_1_340' title='bbox 3294 3649 3466 3721; x_wconf 85' lang='lat' dir='ltr'><strong>victi,</strong></span> <span class='ocrx_word' id='word_1_341' title='bbox 3531 3649 3727 3727; x_wconf 86' lang='lat' dir='ltr'><strong>patria</strong></span> 
     </span>
     <span class='ocr_line' id='line_1_27' title="bbox 307 3748 3726 3829; baseline 0 -18"><span class='ocrx_word' id='word_1_342' title='bbox 307 3762 596 3824; x_wconf 87' lang='lat' dir='ltr'><strong>extorres,</strong></span> <span class='ocrx_word' id='word_1_343' title='bbox 640 3749 863 3822; x_wconf 80' lang='lat' dir='ltr'><strong>exules,</strong></span> <span class='ocrx_word' id='word_1_344' title='bbox 905 3748 1019 3808; x_wconf 87' lang='lat' dir='ltr'><strong>fusi</strong></span> <span class='ocrx_word' id='word_1_345' title='bbox 1064 3749 1368 3827; x_wconf 74' lang='lat' dir='ltr'><strong>fugatique</strong></span> <span class='ocrx_word' id='word_1_346' title='bbox 1413 3760 1603 3823; x_wconf 84' lang='lat' dir='ltr'><strong>erant,</strong></span> <span class='ocrx_word' id='word_1_347' title='bbox 1645 3750 1866 3827; x_wconf 89' lang='lat' dir='ltr'><strong>templo</strong></span> <span class='ocrx_word' id='word_1_348' title='bbox 1910 3749 2279 3812; x_wconf 87' lang='lat' dir='ltr'><strong>sanctissimo</strong></span> <span class='ocrx_word' id='word_1_349' title='bbox 2323 3749 2545 3820; x_wconf 81' lang='grc' dir='ltr'><strong>(11101ος</strong></span> <span class='ocrx_word' id='word_1_350' title='bbox 2599 3749 2813 3827; x_wconf 87' lang='lat' dir='ltr'><strong>ubique</strong></span> <span class='ocrx_word' id='word_1_351' title='bbox 2859 3748 2982 3810; x_wconf 90' lang='lat' dir='ltr'><strong>fere</strong></span> <span class='ocrx_word' id='word_1_352' title='bbox 3038 3751 3197 3829; x_wconf 89' lang='lat' dir='ltr'><strong>apud</strong></span> <span class='ocrx_word' id='word_1_353' title='bbox 3248 3752 3474 3811; x_wconf 88' lang='lat' dir='ltr'><strong>alienas</strong></span> <span class='ocrx_word' id='word_1_354' title='bbox 3516 3761 3726 3829; x_wconf 85' lang='lat' dir='ltr'><strong>gentes</strong></span> 
     </span>
     <span class='ocr_line' id='line_1_28' title="bbox 308 3849 3727 3930; baseline -0 -18"><span class='ocrx_word' id='word_1_355' title='bbox 308 3873 487 3930; x_wconf 89' lang='lat' dir='ltr'><strong>quum</strong></span> <span class='ocrx_word' id='word_1_356' title='bbox 530 3852 661 3927; x_wconf 89' lang='lat' dir='ltr'><strong>jam</strong></span> <span class='ocrx_word' id='word_1_357' title='bbox 720 3849 939 3909; x_wconf 90' lang='lat' dir='ltr'><strong>dudum</strong></span> <span class='ocrx_word' id='word_1_358' title='bbox 992 3849 1238 3911; x_wconf 89' lang='lat' dir='ltr'><strong>fuissent</strong></span> <span class='ocrx_word' id='word_1_359' title='bbox 1295 3853 1573 3912; x_wconf 88' lang='lat' dir='ltr'><strong>contemti</strong></span> <span class='ocrx_word' id='word_1_360' title='bbox 1624 3852 1721 3910; x_wconf 87' lang='lat' dir='ltr'><strong>vel</strong></span> <span class='ocrx_word' id='word_1_361' title='bbox 1774 3852 1971 3925; x_wconf 85' lang='lat' dir='ltr'><strong>exosi,</strong></span> <span class='ocrx_word' id='word_1_362' title='bbox 2033 3852 2151 3910; x_wconf 87' lang='lat' dir='ltr'><strong>ista</strong></span> <span class='ocrx_word' id='word_1_363' title='bbox 2200 3850 2564 3928; x_wconf 88' lang='lat' dir='ltr'><strong>potissimum</strong></span> <span class='ocrx_word' id='word_1_364' title='bbox 2614 3860 2813 3911; x_wconf 87' lang='lat' dir='ltr'><strong>aetate</strong></span> <span class='ocrx_word' id='word_1_365' title='bbox 2866 3862 3036 3912; x_wconf 88' lang='lat' dir='ltr'><strong>tanta</strong></span> <span class='ocrx_word' id='word_1_366' title='bbox 3077 3854 3447 3913; x_wconf 85' lang='lat' dir='ltr'><strong>vexabantur</strong></span> <span class='ocrx_word' id='word_1_367' title='bbox 3488 3851 3727 3925; x_wconf 78' lang='lat' dir='ltr'><strong>invidia,</strong></span> 
     </span>
     <span class='ocr_line' id='line_1_29' title="bbox 308 3951 3727 4034; baseline 0 -20"><span class='ocrx_word' id='word_1_368' title='bbox 308 3964 376 4014; x_wconf 89' lang='lat' dir='ltr'><strong>ut</strong></span> <span class='ocrx_word' id='word_1_369' title='bbox 431 3953 654 4015; x_wconf 87' lang='lat' dir='ltr'><strong>Graeci</strong></span> <span class='ocrx_word' id='word_1_370' title='bbox 700 3951 1040 4012; x_wconf 89' lang='lat' dir='ltr'><strong>Caesareae</strong></span> <span class='ocrx_word' id='word_1_371' title='bbox 1105 3972 1144 4011; x_wconf 92' lang='lat' dir='ltr'><strong>a</strong></span> <span class='ocrx_word' id='word_1_372' title='bbox 1182 3953 1424 4014; x_wconf 87' lang='lat' dir='ltr'><strong>Nerone</strong></span> <span class='ocrx_word' id='word_1_373' title='bbox 1487 3953 1789 4030; x_wconf 88' lang='lat' dir='ltr'><strong>legatione</strong></span> <span class='ocrx_word' id='word_1_374' title='bbox 1847 3952 2123 4014; x_wconf 85' lang='lat' dir='ltr'><strong>auxilium</strong></span> <span class='ocrx_word' id='word_1_375' title='bbox 2184 3961 2455 4028; x_wconf 87' lang='lat' dir='ltr'><strong>peterent</strong></span> <span class='ocrx_word' id='word_1_376' title='bbox 2498 3952 2575 4011; x_wconf 91' lang='lat' dir='ltr'><strong>ad</strong></span> <span class='ocrx_word' id='word_1_377' title='bbox 2626 3970 2731 4014; x_wconf 88' lang='grc'><strong>000</strong></span> <span class='ocrx_word' id='word_1_378' title='bbox 2782 3954 3022 4016; x_wconf 87' lang='lat' dir='ltr'><strong>civitate</strong></span> <span class='ocrx_word' id='word_1_379' title='bbox 3074 3955 3457 4031; x_wconf 85' lang='lat' dir='ltr'><strong>expellendos</strong></span> <span class='ocrx_word' id='word_1_380' title='bbox 3522 3951 3727 4034; x_wconf 80' lang='lat' dir='ltr'><strong>(Anti-</strong></span> 
     </span>
     <span class='ocr_line' id='line_1_30' title="bbox 311 4053 3726 4133; baseline 0 -18"><span class='ocrx_word' id='word_1_381' title='bbox 311 4056 477 4133; x_wconf 85' lang='lat' dir='ltr'><strong>quitt.</strong></span> <span class='ocrx_word' id='word_1_382' title='bbox 521 4053 668 4114; x_wconf 85' lang='lat' dir='ltr'><strong>XX.</strong></span> <span class='ocrx_word' id='word_1_383' title='bbox 715 4054 775 4128; x_wconf 88' lang='lat'><strong>8,</strong></span> <span class='ocrx_word' id='word_1_384' title='bbox 819 4058 867 4125; x_wconf 71' lang='lat'><strong>§-</strong></span> <span class='ocrx_word' id='word_1_385' title='bbox 916 4054 974 4125; x_wconf 84' lang='lat'><strong>9,</strong></span> <span class='ocrx_word' id='word_1_386' title='bbox 1021 4054 1094 4111; x_wconf 89' lang='lat' dir='ltr'><strong>de</strong></span> <span class='ocrx_word' id='word_1_387' title='bbox 1137 4054 1195 4112; x_wconf 92' lang='lat' dir='ltr'><strong>b.</strong></span> <span class='ocrx_word' id='word_1_388' title='bbox 1232 4053 1359 4129; x_wconf 88' lang='lat' dir='ltr'><strong>jud.</strong></span> <span class='ocrx_word' id='word_1_389' title='bbox 1402 4055 1486 4114; x_wconf 89' lang='lat'><strong>11.</strong></span> <span class='ocrx_word' id='word_1_390' title='bbox 1548 4058 1654 4127; x_wconf 74' lang='lat'><strong>14,</strong></span> <span class='ocrx_word' id='word_1_391' title='bbox 1719 4056 1816 4127; x_wconf 84' lang='lat'><strong>4);</strong></span> <span class='ocrx_word' id='word_1_392' title='bbox 1869 4054 2303 4116; x_wconf 84' lang='lat' dir='ltr'><strong>Antiochenses</strong></span> <span class='ocrx_word' id='word_1_393' title='bbox 2355 4064 2552 4116; x_wconf 86' lang='lat' dir='ltr'><strong>autem</strong></span> <span class='ocrx_word' id='word_1_394' title='bbox 2605 4055 2806 4114; x_wconf 89' lang='lat' dir='ltr'><strong>Titum</strong></span> <span class='ocrx_word' id='word_1_395' title='bbox 2861 4067 3127 4130; x_wconf 87' lang='lat' dir='ltr'><strong>orarent,</strong></span> <span class='ocrx_word' id='word_1_396' title='bbox 3193 4055 3461 4116; x_wconf 87' lang='lat' dir='ltr'><strong>Judaeos</strong></span> <span class='ocrx_word' id='word_1_397' title='bbox 3497 4057 3726 4132; x_wconf 87' lang='lat' dir='ltr'><strong>juribus</strong></span> 
     </span>
     <span class='ocr_line' id='line_1_31' title="bbox 314 4155 3726 4238; baseline 0 -22"><span class='ocrx_word' id='word_1_398' title='bbox 314 4177 388 4219; x_wconf 88' lang='grc'><strong>00</strong></span> <span class='ocrx_word' id='word_1_399' title='bbox 430 4155 754 4234; x_wconf 89' lang='lat' dir='ltr'><strong>privilegiis</strong></span> <span class='ocrx_word' id='word_1_400' title='bbox 797 4155 1053 4227; x_wconf 88' lang='lat' dir='ltr'><strong>orbaret,</strong></span> <span class='ocrx_word' id='word_1_401' title='bbox 1096 4173 1251 4230; x_wconf 89' lang='lat' dir='ltr'><strong>quae</strong></span> <span class='ocrx_word' id='word_1_402' title='bbox 1296 4156 1522 4214; x_wconf 91' lang='lat' dir='ltr'><strong>duobus</strong></span> <span class='ocrx_word' id='word_1_403' title='bbox 1564 4155 1846 4216; x_wconf 89' lang='lat' dir='ltr'><strong>columnis</strong></span> <span class='ocrx_word' id='word_1_404' title='bbox 1891 4156 2082 4216; x_wconf 86' lang='lat' dir='ltr'><strong>aereis</strong></span> <span class='ocrx_word' id='word_1_405' title='bbox 2126 4156 2224 4218; x_wconf 90' lang='lat' dir='ltr'><strong>diu</strong></span> <span class='ocrx_word' id='word_1_406' title='bbox 2268 4166 2405 4216; x_wconf 88' lang='lat' dir='ltr'><strong>ante</strong></span> <span class='ocrx_word' id='word_1_407' title='bbox 2426 4168 2620 4231; x_wconf 56' lang='lat' dir='ltr'><strong>‚erant</strong></span> <span class='ocrx_word' id='word_1_408' title='bbox 2660 4158 2849 4218; x_wconf 89' lang='lat' dir='ltr'><strong>incisa</strong></span> <span class='ocrx_word' id='word_1_409' title='bbox 2891 4158 2993 4234; x_wconf 89' lang='lat' dir='ltr'><strong>(ib.</strong></span> <span class='ocrx_word' id='word_1_410' title='bbox 3035 4159 3176 4219; x_wconf 87' lang='lat' dir='ltr'><strong>VII.</strong></span> <span class='ocrx_word' id='word_1_411' title='bbox 3221 4160 3280 4229; x_wconf 88' lang='grc'><strong>5,</strong></span> <span class='ocrx_word' id='word_1_412' title='bbox 3325 4163 3374 4229; x_wconf 70' lang='lat'><strong>5.</strong></span> <span class='ocrx_word' id='word_1_413' title='bbox 3421 4156 3505 4238; x_wconf 79' lang='lat'><strong>2).</strong></span> <span class='ocrx_word' id='word_1_414' title='bbox 3586 4160 3726 4235; x_wconf 89' lang='lat' dir='ltr'><strong>Ipse</strong></span> 
     </span>
     <span class='ocr_line' id='line_1_32' title="bbox 312 4255 3726 4336; baseline 0.001 -20"><span class='ocrx_word' id='word_1_415' title='bbox 312 4277 457 4317; x_wconf 85' lang='lat' dir='ltr'><strong>vero</strong></span> <span class='ocrx_word' id='word_1_416' title='bbox 502 4255 823 4331; x_wconf 76' lang='lat' dir='ltr'><strong>Josephus,</strong></span> <span class='ocrx_word' id='word_1_417' title='bbox 867 4258 1004 4316; x_wconf 88' lang='lat' dir='ltr'><strong>dum</strong></span> <span class='ocrx_word' id='word_1_418' title='bbox 1029 4255 1229 4331; x_wconf 86' lang='lat' dir='ltr'><strong>aliqua</strong></span> <span class='ocrx_word' id='word_1_419' title='bbox 1257 4273 1394 4331; x_wconf 87' lang='lat' dir='ltr'><strong>spes</strong></span> <span class='ocrx_word' id='word_1_420' title='bbox 1440 4266 1600 4316; x_wconf 89' lang='lat' dir='ltr'><strong>esset</strong></span> <span class='ocrx_word' id='word_1_421' title='bbox 1620 4256 1904 4317; x_wconf 88' lang='lat' dir='ltr'><strong>victoriae</strong></span> <span class='ocrx_word' id='word_1_422' title='bbox 1927 4276 2000 4318; x_wconf 88' lang='lat' dir='ltr'><strong>ac</strong></span> <span class='ocrx_word' id='word_1_423' title='bbox 2041 4258 2280 4328; x_wconf 85' lang='lat' dir='ltr'><strong>salutis,</strong></span> <span class='ocrx_word' id='word_1_424' title='bbox 2325 4276 2463 4318; x_wconf 89' lang='lat' dir='ltr'><strong>acer</strong></span> <span class='ocrx_word' id='word_1_425' title='bbox 2483 4261 2714 4334; x_wconf 87' lang='lat' dir='ltr'><strong>patriae</strong></span> <span class='ocrx_word' id='word_1_426' title='bbox 2737 4271 3160 4336; x_wconf 86' lang='lat' dir='ltr'><strong>propugnator,</strong></span> <span class='ocrx_word' id='word_1_427' title='bbox 3201 4268 3328 4319; x_wconf 86' lang='lat' dir='ltr'><strong>toto</strong></span> <span class='ocrx_word' id='word_1_428' title='bbox 3354 4260 3547 4319; x_wconf 90' lang='lat' dir='ltr'><strong>animo</strong></span> <span class='ocrx_word' id='word_1_429' title='bbox 3570 4260 3726 4319; x_wconf 88' lang='lat' dir='ltr'><strong>bello</strong></span> 
     </span>
     <span class='ocr_line' id='line_1_33' title="bbox 316 4358 3727 4438; baseline 0.001 -21"><span class='ocrx_word' id='word_1_430' title='bbox 316 4359 580 4437; x_wconf 87' lang='lat' dir='ltr'><strong>gerendo</strong></span> <span class='ocrx_word' id='word_1_431' title='bbox 599 4358 879 4431; x_wconf 89' lang='lat' dir='ltr'><strong>intentus,</strong></span> <span class='ocrx_word' id='word_1_432' title='bbox 920 4366 1220 4433; x_wconf 83' lang='lat' dir='ltr'><strong>postremo</strong></span> <span class='ocrx_word' id='word_1_433' title='bbox 1243 4358 1452 4430; x_wconf 87' lang='lat' dir='ltr'><strong>victus,</strong></span> <span class='ocrx_word' id='word_1_434' title='bbox 1496 4367 1725 4434; x_wconf 85' lang='lat' dir='ltr'><strong>captus,</strong></span> <span class='ocrx_word' id='word_1_435' title='bbox 1767 4360 1971 4418; x_wconf 87' lang='lat' dir='ltr'><strong>solerti</strong></span> <span class='ocrx_word' id='word_1_436' title='bbox 1992 4360 2365 4435; x_wconf 87' lang='lat' dir='ltr'><strong>providentia</strong></span> <span class='ocrx_word' id='word_1_437' title='bbox 2387 4362 2588 4421; x_wconf 84' lang='lat' dir='ltr'><strong>ultimo</strong></span> <span class='ocrx_word' id='word_1_438' title='bbox 2611 4358 3009 4438; x_wconf 85' lang='lat' dir='ltr'><strong>suppliciovix</strong></span> <span class='ocrx_word' id='word_1_439' title='bbox 3032 4363 3275 4434; x_wconf 85' lang='lat' dir='ltr'><strong>evitato,</strong></span> <span class='ocrx_word' id='word_1_440' title='bbox 3317 4382 3457 4423; x_wconf 90' lang='lat' dir='ltr'><strong>mox</strong></span> <span class='ocrx_word' id='word_1_441' title='bbox 3477 4363 3727 4422; x_wconf 89' lang='lat' dir='ltr'><strong>subdola</strong></span> 
     </span>
     <span class='ocr_line' id='line_1_34' title="bbox 313 4458 3726 4542; baseline 0 -21"><span class='ocrx_word' id='word_1_442' title='bbox 313 4460 639 4522; x_wconf 87' lang='lat' dir='ltr'><strong>calliditate</strong></span> <span class='ocrx_word' id='word_1_443' title='bbox 662 4458 1115 4518; x_wconf 88' lang='grc' dir='ltr'><strong>111-(101010010ιο</strong></span> <span class='ocrx_word' id='word_1_444' title='bbox 1156 4458 1424 4518; x_wconf 84' lang='lat' dir='ltr'><strong>favorem</strong></span> <span class='ocrx_word' id='word_1_445' title='bbox 1444 4478 1510 4518; x_wconf 88' lang='lat' dir='ltr'><strong>se</strong></span> <span class='ocrx_word' id='word_1_446' title='bbox 1553 4460 1974 4534; x_wconf 82' lang='lat' dir='ltr'><strong>insinuaverat,</strong></span> <span class='ocrx_word' id='word_1_447' title='bbox 2019 4463 2237 4538; x_wconf 89' lang='lat' dir='ltr'><strong>populo</strong></span> <span class='ocrx_word' id='word_1_448' title='bbox 2260 4482 2368 4522; x_wconf 91' lang='lat' dir='ltr'><strong>suo</strong></span> <span class='ocrx_word' id='word_1_449' title='bbox 2402 4463 2617 4538; x_wconf 84' lang='lat' dir='ltr'><strong>ejecto,</strong></span> <span class='ocrx_word' id='word_1_450' title='bbox 2663 4463 2955 4539; x_wconf 88' lang='lat' dir='ltr'><strong>disperso,</strong></span> <span class='ocrx_word' id='word_1_451' title='bbox 3000 4465 3320 4534; x_wconf 80' lang='grc' dir='ltr'><strong>110011101ος</strong></span> <span class='ocrx_word' id='word_1_452' title='bbox 3364 4465 3726 4542; x_wconf 87' lang='lat' dir='ltr'><strong>religionem,</strong></span> 
     </span>
     <span class='ocr_line' id='line_1_35' title="bbox 312 4559 3723 4642; baseline 0.002 -24"><span class='ocrx_word' id='word_1_453' title='bbox 312 4579 491 4638; x_wconf 89' lang='lat' dir='ltr'><strong>quam</strong></span> <span class='ocrx_word' id='word_1_454' title='bbox 531 4559 769 4618; x_wconf 84' lang='lat' dir='ltr'><strong>maximi</strong></span> <span class='ocrx_word' id='word_1_455' title='bbox 810 4560 1090 4632; x_wconf 88' lang='lat' dir='ltr'><strong>faciebat,</strong></span> <span class='ocrx_word' id='word_1_456' title='bbox 1135 4570 1239 4619; x_wconf 89' lang='grc'><strong>001</strong></span> <span class='ocrx_word' id='word_1_457' title='bbox 1279 4560 1565 4620; x_wconf 84' lang='lat' dir='ltr'><strong>Romanis</strong></span> <span class='ocrx_word' id='word_1_458' title='bbox 1608 4561 1869 4640; x_wconf 82' lang='lat' dir='ltr'><strong>ignotam</strong></span> <span class='ocrx_word' id='word_1_459' title='bbox 1916 4574 2022 4623; x_wconf 88' lang='lat' dir='ltr'><strong>aut</strong></span> <span class='ocrx_word' id='word_1_460' title='bbox 2061 4564 2315 4623; x_wconf 88' lang='lat' dir='ltr'><strong>derisam</strong></span> <span class='ocrx_word' id='word_1_461' title='bbox 2358 4565 2629 4636; x_wconf 83' lang='lat' dir='ltr'><strong>dolebat;</strong></span> <span class='ocrx_word' id='word_1_462' title='bbox 2689 4566 2911 4625; x_wconf 87' lang='lat' dir='ltr'><strong>avitum</strong></span> <span class='ocrx_word' id='word_1_463' title='bbox 2956 4566 3158 4636; x_wconf 86' lang='lat' dir='ltr'><strong>deum,</strong></span> <span class='ocrx_word' id='word_1_464' title='bbox 3214 4567 3312 4642; x_wconf 89' lang='grc'><strong>(101</strong></span> <span class='ocrx_word' id='word_1_465' title='bbox 3355 4585 3464 4625; x_wconf 88' lang='grc'><strong>000</strong></span> <span class='ocrx_word' id='word_1_466' title='bbox 3508 4565 3723 4642; x_wconf 87' lang='grc'><strong>909010</strong></span> 
     </span>
     <span class='ocr_line' id='line_1_36' title="bbox 269 4660 3724 4752; baseline 0.001 -31"><span class='ocrx_word' id='word_1_467' title='bbox 269 4742 279 4752; x_wconf 39' lang='grc'><em>.</em></span> <span class='ocrx_word' id='word_1_468' title='bbox 312 4661 569 4722; x_wconf 86' lang='grc'><strong>10100010</strong></span> <span class='ocrx_word' id='word_1_469' title='bbox 615 4681 687 4721; x_wconf 94' lang='grc'><strong>00</strong></span> <span class='ocrx_word' id='word_1_470' title='bbox 722 4660 852 4737; x_wconf 88' lang='lat' dir='ltr'><strong>jam</strong></span> <span class='ocrx_word' id='word_1_471' title='bbox 894 4662 954 4720; x_wconf 89' lang='lat' dir='ltr'><strong>in</strong></span> <span class='ocrx_word' id='word_1_472' title='bbox 999 4663 1261 4723; x_wconf 89' lang='lat' dir='ltr'><strong>ultimam</strong></span> <span class='ocrx_word' id='word_1_473' title='bbox 1304 4662 1617 4737; x_wconf 86' lang='lat' dir='ltr'><strong>perniciem</strong></span> <span class='ocrx_word' id='word_1_474' title='bbox 1660 4665 1849 4722; x_wconf 90' lang='lat' dir='ltr'><strong>ruenti</strong></span> <span class='ocrx_word' id='word_1_475' title='bbox 1904 4677 2204 4725; x_wconf 85' lang='lat' dir='ltr'><strong>aeternam</strong></span> <span class='ocrx_word' id='word_1_476' title='bbox 2260 4666 2600 4726; x_wconf 73' lang='lat' dir='ltr'><strong>felicitatem</strong></span> <span class='ocrx_word' id='word_1_477' title='bbox 2645 4668 3033 4742; x_wconf 83' lang='lat' dir='ltr'><strong>promisisset,</strong></span> <span class='ocrx_word' id='word_1_478' title='bbox 3091 4676 3332 4742; x_wconf 84' lang='lat' dir='ltr'><strong>propter</strong></span> <span class='ocrx_word' id='word_1_479' title='bbox 3381 4668 3494 4727; x_wconf 90' lang='grc'><strong>1100</strong></span> <span class='ocrx_word' id='word_1_480' title='bbox 3537 4668 3724 4742; x_wconf 88' lang='grc'><strong>190010</strong></span> 
     </span>
     <span class='ocr_line' id='line_1_37' title="bbox 314 4762 3725 4846; baseline 0.001 -22"><span class='ocrx_word' id='word_1_481' title='bbox 314 4773 673 4825; x_wconf 85' lang='lat' dir='ltr'><strong>contemtum</strong></span> <span class='ocrx_word' id='word_1_482' title='bbox 718 4765 875 4838; x_wconf 88' lang='lat' dir='ltr'><strong>apud</strong></span> <span class='ocrx_word' id='word_1_483' title='bbox 918 4774 1147 4841; x_wconf 88' lang='lat' dir='ltr'><strong>gentes.</strong></span> <span class='ocrx_word' id='word_1_484' title='bbox 1231 4762 1505 4834; x_wconf 86' lang='lat' dir='ltr'><strong>Accedit,</strong></span> <span class='ocrx_word' id='word_1_485' title='bbox 1550 4766 1707 4838; x_wconf 90' lang='lat' dir='ltr'><strong>quod</strong></span> <span class='ocrx_word' id='word_1_486' title='bbox 1729 4767 1981 4826; x_wconf 88' lang='lat' dir='ltr'><strong>Romani</strong></span> <span class='ocrx_word' id='word_1_487' title='bbox 2024 4768 2431 4843; x_wconf 86' lang='lat' dir='ltr'><strong>imperatores,</strong></span> <span class='ocrx_word' id='word_1_488' title='bbox 2475 4769 2849 4828; x_wconf 86' lang='lat' dir='ltr'><strong>Domitianus</strong></span> <span class='ocrx_word' id='word_1_489' title='bbox 2878 4768 3244 4846; x_wconf 86' lang='lat' dir='ltr'><strong>praesertim,</strong></span> <span class='ocrx_word' id='word_1_490' title='bbox 3290 4768 3458 4846; x_wconf 80' lang='lat' dir='ltr'><strong>cqius</strong></span> <span class='ocrx_word' id='word_1_491' title='bbox 3501 4787 3725 4829; x_wconf 88' lang='lat' dir='ltr'><strong>summo</strong></span> 
     </span>
     <span class='ocr_line' id='line_1_38' title="bbox 310 4851 3727 4947; baseline 0.001 -22"><span class='ocrx_word' id='word_1_492' title='bbox 310 4866 371 4925; x_wconf 91' lang='lat' dir='ltr'><strong>in</strong></span> <span class='ocrx_word' id='word_1_493' title='bbox 412 4865 621 4924; x_wconf 87' lang='lat' dir='ltr'><strong>favore</strong></span> <span class='ocrx_word' id='word_1_494' title='bbox 665 4874 796 4923; x_wconf 90' lang='lat' dir='ltr'><strong>erat</strong></span> <span class='ocrx_word' id='word_1_495' title='bbox 860 4851 1014 4940; x_wconf 83' lang='lat' dir='ltr'><strong>(vita</strong></span> <span class='ocrx_word' id='word_1_496' title='bbox 1059 4870 1108 4937; x_wconf 70' lang='grc' dir='ltr'><strong>ς.</strong></span> <span class='ocrx_word' id='word_1_497' title='bbox 1157 4866 1288 4940; x_wconf 88' lang='grc'><strong>76),</strong></span> <span class='ocrx_word' id='word_1_498' title='bbox 1352 4866 1605 4924; x_wconf 85' lang='lat' dir='ltr'><strong>maxime</strong></span> <span class='ocrx_word' id='word_1_499' title='bbox 1670 4879 1837 4926; x_wconf 89' lang='lat' dir='ltr'><strong>erant</strong></span> <span class='ocrx_word' id='word_1_500' title='bbox 1879 4869 2187 4944; x_wconf 88' lang='lat' dir='ltr'><strong>suspiciosi</strong></span> <span class='ocrx_word' id='word_1_501' title='bbox 2229 4888 2339 4928; x_wconf 90' lang='grc'><strong>000</strong></span> <span class='ocrx_word' id='word_1_502' title='bbox 2403 4868 2576 4929; x_wconf 88' lang='grc'><strong>100110</strong></span> <span class='ocrx_word' id='word_1_503' title='bbox 2620 4871 2936 4946; x_wconf 90' lang='lat' dir='ltr'><strong>quidquam</strong></span> <span class='ocrx_word' id='word_1_504' title='bbox 2978 4870 3500 4942; x_wconf 87' lang='lat' dir='ltr'><strong>obliviscebantur,</strong></span> <span class='ocrx_word' id='word_1_505' title='bbox 3567 4870 3727 4947; x_wconf 89' lang='lat' dir='ltr'><strong>quod</strong></span> 
     </span>
     <span class='ocr_line' id='line_1_39' title="bbox 312 4968 3768 5049; baseline 0.002 -23"><span class='ocrx_word' id='word_1_506' title='bbox 312 4968 442 5044; x_wconf 89' lang='lat' dir='ltr'><strong>quis</strong></span> <span class='ocrx_word' id='word_1_507' title='bbox 507 4985 783 5043; x_wconf 87' lang='lat' dir='ltr'><strong>umquam</strong></span> <span class='ocrx_word' id='word_1_508' title='bbox 835 4975 1045 5026; x_wconf 90' lang='lat' dir='ltr'><strong>contra</strong></span> <span class='ocrx_word' id='word_1_509' title='bbox 1104 4984 1274 5025; x_wconf 88' lang='lat' dir='ltr'><strong>suam</strong></span> <span class='ocrx_word' id='word_1_510' title='bbox 1316 4976 1673 5042; x_wconf 86' lang='lat' dir='ltr'><strong>potestatem</strong></span> <span class='ocrx_word' id='word_1_511' title='bbox 1715 4969 1812 5029; x_wconf 87' lang='lat' dir='ltr'><strong>vel</strong></span> <span class='ocrx_word' id='word_1_512' title='bbox 1860 4970 2086 5044; x_wconf 86' lang='lat' dir='ltr'><strong>imperii</strong></span> <span class='ocrx_word' id='word_1_513' title='bbox 2148 4970 2521 5045; x_wconf 84' lang='lat' dir='ltr'><strong>majestatem</strong></span> <span class='ocrx_word' id='word_1_514' title='bbox 2567 4971 2929 5047; x_wconf 72' lang='lat' dir='ltr'><strong>deliquisset.</strong></span> <span class='ocrx_word' id='word_1_515' title='bbox 3026 4971 3220 5047; x_wconf 82' lang='lat' dir='ltr'><strong>Quam</strong></span> <span class='ocrx_word' id='word_1_516' title='bbox 3265 4974 3509 5032; x_wconf 85' lang='lat' dir='ltr'><strong>arduum</strong></span> <span class='ocrx_word' id='word_1_517' title='bbox 3548 4973 3728 5049; x_wconf 86' lang='lat' dir='ltr'><strong>igitur</strong></span> <span class='ocrx_word' id='word_1_518' title='bbox 3761 5003 3768 5012; x_wconf 96' lang='lat'>·</span> 
     </span>
     <span class='ocr_line' id='line_1_40' title="bbox 312 5066 3727 5153; baseline 0.002 -26"><span class='ocrx_word' id='word_1_519' title='bbox 312 5068 656 5147; x_wconf 87' lang='lat' dir='ltr'><strong>peregrino,</strong></span> <span class='ocrx_word' id='word_1_520' title='bbox 709 5066 981 5138; x_wconf 86' lang='lat' dir='ltr'><strong>Judaeo,</strong></span> <span class='ocrx_word' id='word_1_521' title='bbox 1045 5068 1281 5143; x_wconf 86' lang='lat' dir='ltr'><strong>captivo</strong></span> <span class='ocrx_word' id='word_1_522' title='bbox 1333 5087 1474 5127; x_wconf 89' lang='lat' dir='ltr'><strong>suas</strong></span> <span class='ocrx_word' id='word_1_523' title='bbox 1530 5088 1624 5128; x_wconf 89' lang='lat' dir='ltr'><strong>res</strong></span> <span class='ocrx_word' id='word_1_524' title='bbox 1668 5071 1781 5128; x_wconf 90' lang='lat' dir='ltr'><strong>hoc</strong></span> <span class='ocrx_word' id='word_1_525' title='bbox 1846 5070 2000 5130; x_wconf 86' lang='lat' dir='ltr'><strong>bello</strong></span> <span class='ocrx_word' id='word_1_526' title='bbox 2059 5084 2264 5148; x_wconf 87' lang='lat' dir='ltr'><strong>gestas</strong></span> <span class='ocrx_word' id='word_1_527' title='bbox 2308 5091 2593 5131; x_wconf 86' lang='lat' dir='ltr'><strong>excusare</strong></span> <span class='ocrx_word' id='word_1_528' title='bbox 2647 5072 2743 5130; x_wconf 90' lang='lat' dir='ltr'><strong>vel</strong></span> <span class='ocrx_word' id='word_1_529' title='bbox 2796 5089 2863 5130; x_wconf 92' lang='lat' dir='ltr'><strong>se</strong></span> <span class='ocrx_word' id='word_1_530' title='bbox 2917 5072 3042 5131; x_wconf 87' lang='lat' dir='ltr'><strong>sine</strong></span> <span class='ocrx_word' id='word_1_531' title='bbox 3089 5076 3264 5151; x_wconf 89' lang='lat' dir='ltr'><strong>culpa</strong></span> <span class='ocrx_word' id='word_1_532' title='bbox 3320 5076 3513 5153; x_wconf 86' lang='lat' dir='ltr'><strong>egisse</strong></span> <span class='ocrx_word' id='word_1_533' title='bbox 3568 5073 3727 5134; x_wconf 81' lang='lat' dir='ltr'><strong>co&#39;m-</strong></span> 
     </span>
     <span class='ocr_line' id='line_1_41' title="bbox 312 5169 3725 5252; baseline 0.002 -24"><span class='ocrx_word' id='word_1_534' title='bbox 312 5171 588 5245; x_wconf 88' lang='lat' dir='ltr'><strong>probare!</strong></span> <span class='ocrx_word' id='word_1_535' title='bbox 634 5187 811 5246; x_wconf 89' lang='lat' dir='ltr'><strong>quam</strong></span> <span class='ocrx_word' id='word_1_536' title='bbox 853 5169 1275 5246; x_wconf 90' lang='lat' dir='ltr'><strong>necessarium,</strong></span> <span class='ocrx_word' id='word_1_537' title='bbox 1322 5170 1530 5247; x_wconf 88' lang='lat' dir='ltr'><strong>quovis</strong></span> <span class='ocrx_word' id='word_1_538' title='bbox 1573 5172 1750 5228; x_wconf 88' lang='lat' dir='ltr'><strong>modo</strong></span> <span class='ocrx_word' id='word_1_539' title='bbox 1796 5172 2048 5248; x_wconf 88' lang='lat' dir='ltr'><strong>gratiam</strong></span> <span class='ocrx_word' id='word_1_540' title='bbox 2093 5173 2456 5233; x_wconf 88' lang='lat' dir='ltr'><strong>dominorum</strong></span> <span class='ocrx_word' id='word_1_541' title='bbox 2498 5174 2606 5234; x_wconf 88' lang='lat' dir='ltr'><strong>sibi</strong></span> <span class='ocrx_word' id='word_1_542' title='bbox 2650 5192 2926 5248; x_wconf 90' lang='lat' dir='ltr'><strong>servare,</strong></span> <span class='ocrx_word' id='word_1_543' title='bbox 2970 5195 3148 5252; x_wconf 91' lang='lat' dir='ltr'><strong>quam</strong></span> <span class='ocrx_word' id='word_1_544' title='bbox 3193 5197 3259 5236; x_wconf 90' lang='lat' dir='ltr'><strong>se</strong></span> <span class='ocrx_word' id='word_1_545' title='bbox 3304 5196 3419 5237; x_wconf 90' lang='lat' dir='ltr'><strong>non</strong></span> <span class='ocrx_word' id='word_1_546' title='bbox 3442 5177 3725 5237; x_wconf 90' lang='lat' dir='ltr'><strong>meruisse</strong></span> 
     </span>
     <span class='ocr_line' id='line_1_42' title="bbox 316 5270 3726 5354; baseline 0.002 -25"><span class='ocrx_word' id='word_1_547' title='bbox 316 5271 534 5345; x_wconf 86' lang='lat' dir='ltr'><strong>optime</strong></span> <span class='ocrx_word' id='word_1_548' title='bbox 579 5270 703 5345; x_wconf 91' lang='lat' dir='ltr'><strong>ipse</strong></span> <span class='ocrx_word' id='word_1_549' title='bbox 747 5270 945 5329; x_wconf 81' lang='lat' dir='ltr'><strong>scivit!</strong></span> <span class='ocrx_word' id='word_1_550' title='bbox 991 5289 1166 5346; x_wconf 89' lang='lat' dir='ltr'><strong>quam</strong></span> <span class='ocrx_word' id='word_1_551' title='bbox 1210 5270 1382 5331; x_wconf 89' lang='lat' dir='ltr'><strong>facile</strong></span> <span class='ocrx_word' id='word_1_552' title='bbox 1424 5272 1483 5330; x_wconf 91' lang='lat' dir='ltr'><strong>in</strong></span> <span class='ocrx_word' id='word_1_553' title='bbox 1526 5273 1889 5348; x_wconf 87' lang='lat' dir='ltr'><strong>suspiciones</strong></span> <span class='ocrx_word' id='word_1_554' title='bbox 1956 5274 2278 5348; x_wconf 87' lang='lat' dir='ltr'><strong>potentium</strong></span> <span class='ocrx_word' id='word_1_555' title='bbox 2322 5276 2648 5348; x_wconf 87' lang='lat' dir='ltr'><strong>incurrere,</strong></span> <span class='ocrx_word' id='word_1_556' title='bbox 2712 5275 2887 5336; x_wconf 87' lang='lat' dir='ltr'><strong>factis</strong></span> <span class='ocrx_word' id='word_1_557' title='bbox 2929 5294 3049 5337; x_wconf 90' lang='lat' dir='ltr'><strong>non</strong></span> <span class='ocrx_word' id='word_1_558' title='bbox 3090 5279 3311 5354; x_wconf 86' lang='lat' dir='ltr'><strong>solum,</strong></span> <span class='ocrx_word' id='word_1_559' title='bbox 3373 5279 3483 5340; x_wconf 89' lang='lat' dir='ltr'><strong>sed</strong></span> <span class='ocrx_word' id='word_1_560' title='bbox 3544 5281 3726 5339; x_wconf 83' lang='lat' dir='ltr'><strong>multo</strong></span> 
     </span>
     <span class='ocr_line' id='line_1_43' title="bbox 314 5359 3726 5457; baseline 0.002 -27"><span class='ocrx_word' id='word_1_561' title='bbox 314 5371 505 5449; x_wconf 88' lang='lat' dir='ltr'><strong>magis</strong></span> <span class='ocrx_word' id='word_1_562' title='bbox 549 5371 792 5431; x_wconf 87' lang='lat' dir='ltr'><strong>vocibus</strong></span> <span class='ocrx_word' id='word_1_563' title='bbox 847 5391 919 5432; x_wconf 86' lang='grc'><strong>00</strong></span> <span class='ocrx_word' id='word_1_564' title='bbox 964 5373 1182 5446; x_wconf 90' lang='lat' dir='ltr'><strong>verbis,</strong></span> <span class='ocrx_word' id='word_1_565' title='bbox 1246 5393 1400 5451; x_wconf 90' lang='lat' dir='ltr'><strong>quae</strong></span> <span class='ocrx_word' id='word_1_566' title='bbox 1457 5387 1577 5435; x_wconf 87' lang='lat' dir='ltr'><strong>tum</strong></span> <span class='ocrx_word' id='word_1_567' title='bbox 1631 5376 1911 5450; x_wconf 88' lang='lat' dir='ltr'><strong>temporis</strong></span> <span class='ocrx_word' id='word_1_568' title='bbox 1966 5359 2303 5452; x_wconf 80' lang='lat' dir='ltr'><strong>corruptela</strong></span> <span class='ocrx_word' id='word_1_569' title='bbox 2359 5389 2486 5438; x_wconf 89' lang='lat' dir='ltr'><strong>erat</strong></span> <span class='ocrx_word' id='word_1_570' title='bbox 2557 5398 2628 5439; x_wconf 91' lang='lat' dir='ltr'><strong>ac</strong></span> <span class='ocrx_word' id='word_1_571' title='bbox 2693 5378 3024 5439; x_wconf 88' lang='lat' dir='ltr'><strong>delatorum</strong></span> <span class='ocrx_word' id='word_1_572' title='bbox 3073 5380 3442 5457; x_wconf 71' lang='lat' dir='ltr'><strong>improbitas!</strong></span> <span class='ocrx_word' id='word_1_573' title='bbox 3525 5384 3726 5455; x_wconf 79' lang='lat' dir='ltr'><strong>Atque</strong></span> 
     </span>
    </p>
   </div>
  </div>
 </body>
</html>
