4159 6300
1978 852 2143 925 '1⁸‘

306 1084 552 1145 *nomine
602 1082 885 1153 feruntur,
929 1084 1005 1141 ab
1038 1081 1177 1157 ipso
1222 1082 1351 1140 solo
1397 1100 1529 1141 esse
1575 1082 1938 1157 compositos
1980 1089 2056 1139 -et
2107 1081 2491 1156 conscriptos,
2536 1096 2785 1156 queram
2821 1078 3246 1137 auctoritate-i
3289 1077 3360 1147 sin
3391 1078 3739 1156 nniversam

304 1194 574 1258 scennis,
616 1204 681 1245 se
726 1191 975 1243 excusat
1016 1182 1122 1258 (ib.
1167 1182 1275 1242 IV.
1321 1200 1453 1259 cap.
1501 1185 1538 1243 8
1586 1188 1634 1255 5.
1682 1183 1773 1256 4),
1827 1180 1986 1257 quod
2039 1180 2254 1241 seriem
2293 1190 2370 1240 -et
2436 1180 2699 1240 ordinem
2756 1179 3146 1239 enarrationis
3189 1196 3639 1255 nonnumquam
3675 1179 3742 1237 in
3821 1246 3826 1249 ,

304 1288 564 1366 singul'n
608 1285 957 1356 deseruerim
1001 1286 1077 1344 ab
1120 1283 1221 1342 illo
1266 1284 1421 1344 enim
1461 1284 1671 1344 relicta
1714 1302 1847 1343 esse
1890 1280 2142 1360 sparsim
2206 1278 2562 1363 (σποράδην)
2629 1282 2853 1359 scripta
2918 1290 2980 1341 et
3043 1291 3112 1340 ut
3173 1281 3432 1358 quidque
3497 1300 3540 1340 a
3597 1280 3743 1339 'Deo

308 1389 654 1450 edacitates
683 1394 840 1447 esset
883 1384 1002 1462 (ὥς
1045 1378 1257 1451 gmeth
1300 1405 1353 1445 τι
1390 1381 1553 1467 παρὰ
1593 1385 1698 1446 τοῦ
1744 1380 1909 1445 Θεοῦ
1947 1380 2241 1462 πύθοιτο).
2328 1386 2532 1459 Atque
2579 1384 2733 1442 adeo
2775 1383 2973 1443 multis
3016 1393 3157 1460 post
3183 1382 3451 1443 saeciffis
3473 1382 3741 1447 Herodis

316 1500 522 1551 aetate
570 1488 797 1547 sudam
850 1496 914 1546 et
964 1487 1282 1546 Matthiam
1334 1488 1718 1564 pharisaeos,
1780 1486 1983 1562 aquila
2034 1504 2223 1545 ain-ea
2273 1503 2454 1563 super
2505 1494 2743 1561 portam
2795 1485 3005 1560 templi
3033 1484 3747 1557 dedicataetacerbascs,

318 1612 499 1669 quam
533 1591 908 1667 juventutem
948 1590 1030 1647 ad
1070 1589 1443 1666 sacrilegium
1487 1608 1522 1646 e
1563 1588 1760 1647 medio
1816 1588 2139 1646 tollendum
2190 1587 2572 1658 incitassent,
2618 1585 2942 1645 excusandi
2988 1604 3176 1645 caiisa
3219 1603 3424 1645 cosam
3465 1605 3610 1663 rege
3655 1587 3745 1645 in·

310 1696 485 1755 ducit
527 1694 811 1764 dieentes,
872 1690 973 1749 vel
1014 1690 1143 1748 vita
1208 1691 1471 1767 potiores
1532 1691 1678 1767 ipsis
1724 1707 1862 1747 esse
1915 1690 2084 1765 leges
2151 1709 2190 1748 a
2237 1690 2411 1749 Mose
2463 1690 2717 1749 traditas
2759 1697 2834 1747 et
2885 1687 3139 1764 scriptas
3183 1687 3321 1746 Deo
3387 1687 3640 1747 decom
3685 1697 3749 1746 st

310 1805 680 1873 suggerente
740 1786 1168 1872 (ὑπαγορεύσει
1228 1789 1328 1851 καὶ
1393 1781 1608 1873 διδαχῇ
1669 1789 1774 1851 τοῦ
1822 1784 1990 1849 Θεοῦ
2044 1791 2288 1866 Antiqq.
2351 1791 2564 1862 XVII,
2605 1792 2647 1851 ὃ
2692 1795 2741 1862 5.
2787 1792 2875 1866 3).
2983 1789 3181 1864 Quum
3245 1806 3390 1847 reru
3457 1785 3748 1863 loseph,

321 1896 592 1973 quamvis
639 1894 975 1953 fidelissimo
1030 1893 1263 1969 priseae
1314 1892 1616 1970 religionis
1670 1891 2022 1953 assentaturi
2065 1899 2128 1949 et
2165 1891 2375 1950 avitae
2419 1892 2723 1952 doctrinae
2765 1890 3166 1962 tenacissimo,
3207 1908 3331 1951 non
3373 1900 3582 1967 posset
3623 1906 3748 1951 nen

319 1996 693 2057 manifestum
726 2012 889 2066 esse,
930 1993 992 2052 in
1030 1992 1167 2068 ejus
1209 1990 1375 2053 libris
1418 1994 1713 2071 permulta
1770 1993 2046 2065 inveniri,
2090 2011 2246 2068 quae
2290 1994 2368 2052 ad
2425 1994 2719 2070 posterius
2757 2002 2994 2069 tempus
3036 1993 3231 2051 solnm
3269 1992 3638 2068 ‚utinm
3682 1998 3743 2049 et

310 2117 417 2158 res
450 2099 639 2176 longe
679 2096 867 2156 serius
911 2103 1113 2172 gestas
1157 2103 1599 2171 antecaperent,
1641 2114 1716 2154 ne
1761 2095 1847 2154 sic
1892 2094 2128 2170 quidem
2172 2115 2212 2154 a
2251 2104 2498 2172 recepta
2538 2096 2724 2154 semel
2777 2096 3072 2155 sentenia
3131 2092 3385 2157 recessit
3423 2094 3526 2152 vel
3561 2093 3746 2153 fidem

318 2201 479 2260 mosi
532 2198 801 2259 habitam
863 2196 1197 2273 derogavit.
1304 2197 1465 2255 Nam
1520 2197 1618 2256 ubi
1671 2198 1896 2257 obitum
1945 2197 2156 2257 summi
2210 2196 2319 2255 viri
2371 2198 2429 2256 in
2484 2197 2779 2274 scriptura
2817 2216 3009 2257 :saera
3061 2198 3138 2256 ὼ
3193 2213 3268 2255 eo
3324 2196 3456 2272 ipso
3501 2194 3742 2254 mirifice

310 2301 615 2377 proditum
646 2306 924 2369 enarrat,
968 2315 1171 2356 coram
1213 2298 1532 2374 discipulis,
1576 2301 1731 2359 nube
1774 2299 2022 2359 coelitus
2066 2300 2344 2372 demissa,
2389 2317 2524 2357 eum
2567 2298 2832 2374 conspici
2874 2289 3119 2359 de'siisse
3159 2296 3374 2370 ret-rt,
3415 2297 3481 2356 :in
3525 2296 3744 2363 vallem

316 2402 621 2479 quandam
664 2402 996 2475 abreptum3
1051 2399 1111 2457 in
1165 2399 1351 2458 sacris
1392 2410 1593 2458 autem
1635 2401 1796 2459 libris
1838 2401 2118 2475 scriptum
2157 2400 2467 2477 reliquisse
2509 2419 2577 2459 se
2609 2408 2914 2459 «mortuum
2956 2418 3113 2473 asse,
3155 2418 3232 2458 ne
3271 2397 3495 2459 «ludaei
3543 2398 3744 2458 dicere

325 2503 611 2561 auderent
640 2520 775 2561 eum
804 2509 1048 2578 propter
1078 2501 1309 2559 virtutis
1337 2501 1803 2578 magnitudinem
1835 2502 1915 2559 ad
1941 2502 2142 2561 Deum
2170 2501 2514 2561 discessisse
2545 2497 2886 2579 (Antiquitt.
2916 2503 3014 2563 11(
3009 2545 3030 2574 ,
3061 2503 3102 2561 8
3129 2506 3183 2573 5.
3217 2498 3348 2579 48).
3438 2500 3641 2575 Atque
3663 2500 3751 2558 isa

323 2604 524 2663 divina
587 2613 781 2662 mente
848 2612 909 2662 et
969 2603 1148 2661 futuri
1216 2603 1467 2678 provida
1529 2603 1683 2662 hunc
1740 2603 1931 2661 virum
1984 2604 2318 2680 praeditum
2372 2602 2752 2676 existimavit,
2801 2612 2892 2676 α,
2945 2622 3124 2680 quum
3185 2602 3247 2661 in
3307 2612 3512 2661 monte
3580 2600 3750 2661 sinai

322 2705 574 2766 Judaeis
613 2723 720 2781 per
748 2705 967 2763 deserti
995 2703 1339 2763 solitudines
1368 2703 1696 2763 errantibus
1739 2706 2033 2780 permulta
2077 2705 2390 2764 mandaret
2430 2705 2506 2763 de
2547 2705 2712 2782 agris
2739 2706 3008 2781 septimo
3060 2722 3297 2780 quoque
3344 2721 3502 2763 anno
3548 2703 3746 2778 quiete

318 2806 691 2878 recreandis,
732 2805 807 2864 de
842 2804 1047 2881 jobelo
1086 2823 1195 2864 seu
1240 2822 1395 2862 anno
1437 2805 1724 2863 libertatis
1768 2814 1829 2863 et
1870 2806 2129 2881 reliqua,
2171 2824 2326 2882 quae
2369 2813 2509 2881 post
2549 2803 2847 2865 «Iudaeam
2890 2815 3121 2866 tantum
3163 2814 3520 2882 occupatam
3551 2805 3744 2865 -multo

319 2907 508 2967 serius
558 2905 975 2967 efficacitatem
1026 2905 1298 2964 habitura
1340 2916 1558 2979 essent,
1604 2924 1738 2965 eum
1797 2908 1947 2966 haec
2000 2907 2204 2965 omnia
2244 2925 2285 2965 a
2326 2907 2463 2965 Deo
2508 2905 2781 2965 didicisse
2839 2902 3125 2986 (ἐξέμαθε
3176 2902 3340 2987 παρὰ
3387 2905 3494 2965 τοῦ
3541 2898 3737 2982 θεοῦ)

322 3018 389 3069 et
414 3008 713 3068 venientia
746 3016 1027 3084 ,tempora
1069 3006 1397 3066 certissima
1434 3007 1859 3067 vaticinatione
1902 3007 2318 3085 praespexisse
2363 3007 2524 3067 dicat
2561 3008 2731 3083 (ibid.
2776 3009 2896 3081 111,
2943 3009 3021 3067 12
3065 3012 3115 3079 5.
3160 3009 3248 3083 3).
3337 3008 3523 3066 Tales
3545 3014 3749 3065 autam

310 3130 519 3172 mentm
568 3109 971 3171 obscuriorum
1030 3108 1458 3186 explicationes
1500 3117 1565 3168 et
1614 3108 1833 3170 frustra
1883 3109 1944 3170 in
1997 3110 2158 3172 libris
2200 3110 2387 3170 sacris
2431 3119 2794 3186 quaeruntur
2821 3128 3031 3187 neque
3075 3129 3114 3170 a
3155 3108 3424 3187 Josepbo
3469 3109 3749 3170 inventae

312 3215 423 3273 *vei
452 3213 849 3290 excogitatae
903 3221 1069 3272 sunt:
1121 3211 1184 3270 in
1227 3211 1443 3271 scholis
1485 3212 1889 3271 Rabbinorum
1940 3212 2072 3289 ejus
2142 3213 2361 3272 aetatis
2403 3213 2790 3274 trudebantur
2829 3214 2957 3273 sine
2987 3211 3198 3285 dnbio,
3243 3212 3464 3288 quippe
3508 3211 3610 3286 qui
3647 3210 3749 3268 vel

314 3315 744 3375 minutissimas
778 3314 1007 3374 ¹veteris
1059 3313 1400 3373 testamenti
1452 3314 1935 3389 quaestiunculas
1991 3322 2522 3391 perscrutarentur,
2563 3316 2968 3387 enuclearent,
3011 3313 3222 3389 quovis
3243 3313 3422 3373 modo
3445 3313 3748 3389 explicate

314 3425 709 3477 conarentur.
764 3416 944 3492 enjus
1002 3416 1092 3475 rei
1157 3414 1485 3474 certissima
1548 3416 1805 3492 vestigia
1876 3435 2056 3492 quum
2107 3417 2167 3474 in
2222 3417 2383 3475 libris
2427 3417 2763 3477 talmudieis
2805 3418 3195 3493 reperiantur,
3240 3414 3340 3491 qai
3384 3415 3524 3474 lieet
3565 3415 3749 3490 longo

320 3519 513 3577 serius
555 3518 765 3576 litteris
806 3519 1023 3578 inerint
1060 3516 1349 3588 mandati,
1390 3517 1612 3576 iontem
1654 3526 1857 3577 tamen
1898 3517 2239 3594 primarium
2285 3528 2348 3577 et
2391 3519 2678 3596 originem
2712 3518 2843 3593 jam
2867 3520 2975 3578 -diu
3008 3528 3148 3577 ante
3191 3517 3412 3580 hahent
3455 3512 3749 3594 (Girba-er,

314 3619 584 3697 ‘origines
640 3618 1075 3680 Christianismi
1118 3618 1235 3691 1-11,
1299 3619 1432 3692 49),
1496 3627 1619 3677 tum
1682 3620 1744 3677 in
1794 3617 2068 3696 Josepho
2117 3620 2319 3679 multis
2371 3620 2432 3679 in
2484 3620 2632 3680 locis
2687 3621 2814 3679 sine
2868 3621 2991 3679 ulla
3039 3617 3449 3680 controversia
3492 3636 3571 3675 ex
3611 3635 3748 3676 inea

325 3721 563 3798 quidem
592 3721 883 3798 opinione
918 3719 1237 3779 manifesto
1282 3728 1593 3795 apparent.
1681 3722 1753 3780 In
1796 3722 1910 3781 hoc
1953 3722 2110 3782 enim
2152 3741 2271 3781 uno
2314 3730 2447 3781 tota
2489 3719 2859 3781 «Indaeorum
2901 3722 3153 3780 eruditio
3188 3732 3250 3780 et
3269 3719 3541 3780 doctrina
3562 3737 3748 3794 usque

327 3824 407 3882 ad
446 3823 742 3882 interitum
782 3822 1146 3899 reipublicae
1189 3820 1389 3897 posita
1431 3831 1586 3893 erat3
1631 3821 1691 3881 in
1725 3823 2013 3883 -boe'uno
2056 3825 2244 3884 omnis
2288 3841 2472 3898 opera
2517 3832 2580 3882 et
2617 3823 2911 3882 industria
2947 3824 3289 3893 lucabum-3
3327 3823 3394 3881 -in
3451 3823 3566 3882 hac
3621 3831 3750 3880 arte

314 3941 530 3984 omnes
562 3924 793 4002 ingenii
832 3924 1151 3983 facultates
1194 3926 1624 3984 exercebantur
1679 3935 1741 3985 et
1787 3928 2186 3986 acuebantur:
2245 3927 2354 3985 sed
2400 3943 2518 3985 non
2560 3944 2699 3984 raro
2745 3925 2924 3984 etiam
2967 3906 3190 3986 factum
3233 3932 3343 3996 est,
3385 3931 3472 3996 nt,
3514 3923 3752 3981 nimiam

314 4026 629 4086 ¹solertiam
674 4026 752 4085 ad
792 4044 987 4103 nugas
1029 4027 1128 4084 vel
1173 4027 1251 4084 ad
1296 4045 1394 4085 res
1433 4027 1850 4087 minutissimas
1894 4028 2264 4100 adhibendo,
2309 4045 2554 4103 operam
2600 4037 2666 4085 et
2705 4027 2922 4098 oleum,
2966 4027 3138 4086 sicuti
3179 4028 3240 4086 in
3279 4025 3596 4102 proverbio
3643 4033 3750 4094 est,

323 4128 645 4204 perderent
682 4137 745 4185 et
781 4127 1236 4187 innumerabiles
1265 4129 1400 4187 illas
1430 4125 1947 4189 fabulas‘insulsas
1978 4149 2051 4190 ac
2093 4148 2291 4206 paene
2334 4128 2555 4188 deliras
2599 4130 2658 4189 in
2707 4129 2966 4188 medium
3018 4129 3258 4201 ferrent,
3301 4127 3511 4202 quibus
3556 4125 3754 4186 cmcti

322 4247 528 4289 eorum
572 4230 702 4290 libri
746 4230 1048 4289 abundant
1091 4226 1274 4307 (Just,
1317 4231 1453 4289 hist.
1495 4228 1636 4290 Jnd.
1680 4232 1766 4303 11,
1810 4233 2064 4308 append.
2109 4252 2168 4308 p.
2217 4233 2317 4292 86.
2366 4232 2463 4291 96.
2513 4231 2652 4290 101.
2705 4233 2869 4312 1093.

534 4334 736 4408 Atque
779 4332 893 4390 hoc
937 4350 1014 4390 ex
1057 4331 1219 4390 fonte
1260 4332 1592 4410 Josephum
1633 4333 1901 4392 hausisse
1947 4334 2073 4392 sine
2119 4334 2243 4391 nlla
2284 4332 2678 4391 haesitatione
2723 4332 2970 4390 dixerim
2998 4332 3205 4391 miram
3229 4332 3393 4391 illam
3423 4349 3497 4390 ac
3533 4332 3750 4390 multos

327 4432 722 4493 offendentem
764 4451 959 4492 rerum
1000 4452 1303 4494 sacrarum
1347 4434 1806 4511 explicationem
1872 4444 1933 4494 et
1976 4434 2511 4511 amplificationem.
2602 4434 2720 4508 Qui
2774 4434 3045 4510 quamvis
3102 4452 3332 4493 summa
3371 4433 3751 4493 observantia

326 4554 401 4595 ac
434 4535 729 4613 religione
772 4536 1049 4594 librorum
1111 4537 1313 4612 populi
1375 4536 1469 4596 sui
1529 4536 1907 4596 sanctitatem
1968 4544 2386 4609 veneraretur,
2449 4536 2631 4595 nihilo
2675 4545 2874 4594 tamen
2940 4536 3131 4595 minus
3195 4546 3648 4612 praeceptorum
3693 4543 3754 4590 et

325 4638 895 4708 commentariorum,
939 4655 1094 4712 quae
1139 4656 1178 4695 a
1218 4637 1473 4697 rabbinis
1516 4639 1738 4698 tradita
1781 4657 1931 4716 puer
1972 4649 2307 4714 receperat,
2351 4638 2470 4696 vim
2518 4646 2579 4696 et
2623 4637 3037 4696 efficacitatem
3082 4638 3141 4696 in
3183 4638 3494 4698 scribendo
3535 4637 3751 4711 ubique

320 4755 472 4816 prae
514 4757 581 4797 se
624 4737 741 4797 fert
782 4757 1101 4814 eorumque
1146 4738 1511 4815 potissimum
1554 4740 1969 4801 auctoritatem
2015 4740 2149 4816 plus
2194 4757 2391 4816 aequo
2434 4739 2784 4816 saepissime
2826 4747 3068 4798 secutus
3113 4747 3223 4800 est.
3311 4738 3540 4814 Quodsi
3567 4738 3753 4797 aniiu-

328 4840 713 4913 advertimus,
756 4840 857 4898 vel
882 4840 1057 4899 hodie
1085 4840 1357 4901 ,Iudaeos
1386 4844 1708 4903 talmudiea
1739 4851 2067 4920 praecepta
2095 4859 2214 4900 non
2246 4842 2473 4900 minore
2505 4842 2567 4899 in
2595 4842 2820 4900 honore
2863 4841 3084 4902 habere
3106 4859 3302 4917 neque
3345 4841 3540 4901 minus
3580 4857 3755 4899 accu-

314 4950 458 5002 rate
514 4942 835 5002 observare
879 4961 1057 5019 quam
1099 4945 1317 5002 veteris
1360 4947 1698 5005 testamenti
1742 4946 1930 5023 leges,
1994 4943 2266 5019 profecto
2310 4942 2453 5003 nihil
2492 4943 2787 5016 miremur,
2856 4944 3018 5019 quod
3061 4953 3288 5004 tantum
3333 4942 3445 5002 illis
3490 4941 3755 5000 tribuerit

326 5043 646 5122 iosephm.
734 5044 890 5103 Tum
932 5045 1086 5104 enim
1118 5045 1249 5121 jam
1293 5046 1510 5105 dudum
1555 5055 1618 5105 et
1660 5045 1720 5105 in
1761 5046 1978 5106 scholis
2021 5054 2082 5105 et
2124 5046 2183 5104 in
2229 5045 2390 5104 vitae
2434 5046 2817 5121 quotidianae
2861 5044 3288 5105 consuetudine
3330 5044 3458 5104 libri
3502 5044 3656 5104 sacri
3697 5044 3759 5103 in

316 5159 507 5206 unum
556 5144 743 5222 -quasi
808 5163 1022 5224 corpus
1086 5146 1438 5206 coaluerant
1500 5167 1633 5208 cum
1696 5148 1931 5225 placitis
1999 5157 2059 5206 et
2113 5148 2471 5207 commentis
2535 5148 2949 5220 rabbinorum,
3002 5157 3072 5206 at
3121 5165 3241 5206 non
3304 5165 3543 5223 semper
3583 5145 3758 5206 facile

312 5248 623 5308 videntur
652 5245 1009 5323 dijudicata,
1060 5268 1179 5326 quo
1208 5248 1465 5325 quidque
1495 5250 1732 5326 proprie
1775 5248 2125 5326 pertineret,
2159 5258 2232 5307 et
2273 5249 2563 5309 interdum
2618 5248 2718 5306 vel
2770 5249 3017 5310 inscium
3076 5259 3138 5307 et
3187 5248 3567 5325 ignorantem
3616 5247 3757 5307 seri·

246 5339 556 5427 ‘psorem
597 5359 859 5411 nost-um
896 5359 1185 5429 utrosque·
1230 5350 1423 5412 fontes
1444 5359 1817 5430 permutasse
1864 5359 1926 5409 et
1948 5350 2364 5429 permiscuisti
2407 5350 2771 5412 crediderim.
2855 5351 3005 5416 Inde
3057 5349 3240 5427 igitur
3287 5349 3620 5410 derivanda
3672 5348 3758 5406 in-
