4159 6300
2141 874 2239 943 1⁵1

471 1094 669 1153 inesse
705 1096 1104 1172 opinarentur.
1214 1095 1309 1154 Ac
1350 1113 1570 1155 novam
1610 1095 1765 1155 hanc
1806 1095 2233 1172 interpretandi
2285 1095 2573 1155 rationem
2618 1097 2885 1172 quamvis
2928 1095 3195 1172 Josepho
3240 1108 3301 1156 et
3341 1097 3457 1174 ipsi
3497 1117 3616 1158 nou
3659 1119 3902 1177 prorsus

470 1196 835 1273 incognitam
886 1196 1070 1257 luisse
1117 1195 1247 1272 jam
1290 1196 1510 1256 dudum
1563 1208 1726 1256 recte
1783 1197 2117 1257 monuerint
2171 1198 2282 1256 viri
2324 1198 2504 1271 docti,
2557 1195 2821 1261 Gir-orer
2876 1208 2937 1256 et
2978 1199 3232 1258 Daehne
3287 1198 3485 1280 (Philo
3540 1210 3600 1258 et
3645 1202 3904 1280 origines

458 1295 983 1374 christianismi),
1008 1299 1240 1359 cautius
1302 1308 1503 1358 tamen
1570 1298 1832 1357 adhibuit
1886 1318 1958 1358 ac
2008 1299 2242 1359 nonnisi
2298 1299 2521 1372 passim
2570 1318 2710 1359 rara
2761 1298 2935 1375 hujus
2991 1301 3412 1361 immutationis
3478 1303 3737 1380 vestigia
3797 1305 3901 1364 de·

472 1398 817 1471 prehendes.
920 1366 1325 1459 Fidelissimus
1390 1400 1625 1476 priscae
1690 1399 1994 1476 religionis
2059 1402 2284 1474 cultor,
2346 1401 2569 1475 placita
2621 1418 2693 1459 ac
2746 1402 3073 1463 doctrinam
3148 1404 3505 1480 vivendique
3569 1416 3900 1484 praecepta

470 1500 687 1573 omnia,
730 1516 887 1574 quae
929 1501 1101 1577 quasi
1142 1520 1277 1561 cum
1318 1501 1477 1560 lacte
1530 1501 1771 1560 nutricis
1812 1501 2157 1575 imbiberat,
2213 1519 2322 1578 per
2373 1510 2561 1561 totam
2619 1512 2879 1562 aetatem
2920 1503 3008 1563 ita
3048 1506 3266 1577 tenuit,
3320 1515 3414 1578 ut,
3467 1506 3720 1569 Romam
3762 1526 3900 1585 pro·

469 1601 661 1661 iectus
708 1602 789 1660 ad
828 1603 1173 1662 sacerdotes
1216 1603 1506 1678 quosdam
1550 1622 1628 1661 ex
1669 1602 2018 1680 captivitate
2060 1604 2421 1676 liberandos,
2460 1605 2575 1662 hac
2617 1605 2873 1665 maxime
2919 1623 3106 1665 causa
3145 1616 3368 1666 motum
3409 1626 3476 1666 se
3505 1607 3686 1667 iuisse
3718 1608 3896 1681 dicat,

471 1704 635 1778 quod
661 1701 799 1764 illos
829 1703 1154 1764 audivisset
1182 1704 1365 1763 etiam
1391 1705 1453 1762 in
1495 1704 1667 1763 malis
1707 1704 1999 1780 pietatem
2038 1706 2102 1764 in
2146 1706 2320 1765 deum
2363 1723 2597 1782 semper
2641 1714 2779 1763 ante
2810 1707 3016 1766 oculos
3044 1708 3341 1781 habuisse,
3383 1709 3509 1767 ficis
3551 1718 3782 1768 tantum
3826 1729 3900 1769 ac

466 1804 725 1863 nucibus·
757 1804 944 1864 vitam
985 1816 1375 1882 sustentasse,
1422 1803 1593 1885 (Vita
1636 1811 1687 1877 5.
1730 1801 1797 1886 3)
1862 1806 2007 1865 cibis
2044 1806 2201 1865 inter
2252 1806 2505 1883 gentiles
2558 1808 2918 1883 comparatis
2945 1866 2950 1873 ,
2976 1809 3321 1869 lautioribus
3373 1810 3697 1869 secundum
3748 1810 3900 1889 legis

461 1904 640 1980 jussa
700 1906 1143 1983 religiosissime
1194 1907 1564 1966 abstinuisse.
1672 1908 1745 1966 In
1797 1908 1911 1967 hoc
1966 1926 2087 1967 uno
2151 1917 2381 1965 tantum
2419 1908 2867 1983 peregrinarum
2908 1909 3338 1971 institutionum
3401 1920 3566 1970 tactu
3630 1922 3693 1969 et
3735 1930 3894 1971 com·

464 2005 744 2065 munione
786 2017 1180 2068 commutatus
1224 2019 1317 2068 est
1369 2008 1595 2084 animo,
1664 2008 1826 2084 quod
1876 2027 2022 2067 suae
2064 2008 2366 2085 religionis
2419 2008 2643 2084 placita
2697 2010 3158 2087 veritatemque,
3225 2012 3299 2070 de
3344 2030 3465 2088 qua
3507 2020 3689 2071 antea
3729 2031 3895 2072 uum-

466 2123 643 2179 quam
707 2126 903 2185 neque
948 2111 1113 2187 genti
1168 2129 1364 2186 neque
1421 2111 1531 2171 sibi
1588 2110 1697 2169 fuit
1756 2111 2084 2169 dubitatum
2138 2110 2236 2168 vel
2293 2119 2603 2185 certatum,
2636 2109 2766 2186 jam
2811 2113 3027 2171 acriter
3071 2111 3385 2171 defendere
3431 2123 3495 2171 et
3536 2115 3899 2191 argumentis

466 2207 832 2269 exn-insecus
895 2211 1095 2286 petitis
1156 2213 1418 2271 stabilire
1482 2213 1714 2287 scriptis
1778 2213 2126 2271 conabatur.
2230 2212 2413 2271 Fides
2479 2212 2633 2271 enim
2693 2213 2805 2272 sibi
2869 2221 3149 2275 constans
3163 2255 3181 2286 ,
3245 2213 3436 2272 donec
3499 2224 3747 2273 externo
3787 2216 3897 2275 im·

462 2321 609 2386 petu
672 2311 840 2369 nulla
899 2331 978 2371 ex
1017 2323 1191 2390 parte
1220 2307 1605 2393 'impugnata
1666 2324 1760 2374 est
1804 2324 1867 2371 et
1906 2330 2227 2386 concussa,
2289 2325 2594 2389 tamquam
2648 2314 2708 2372 in
2760 2314 3077 2390 tranquillo
3133 2316 3282 2373 mari
3325 2334 3397 2374 ac
3441 2317 3616 2375 nullis
3659 2317 3895 2394 agitato

462 2412 739 2486 procellis
780 2411 1018 2488 placide
1060 2415 1323 2475 defertur
1364 2427 1426 2476 et
1466 2435 1655 2492 prope
1719 2433 1852 2475 cum
1894 2415 2133 2475 fastidio
2175 2416 2237 2475 vi
2281 2416 2424 2474 artis
2467 2424 2530 2472 et
2574 2415 2960 2490 gubernaculi
3001 2415 3220 2475 auxilio
3266 2418 3353 2475 uti
3380 2436 3896 2494 supervacaneum

433 2514 685 2572 habere
749 2514 919 2577 solet.
1013 2519 1119 2577 At
1158 2516 1259 2576 isti
1296 2518 1610 2595 halcyonei
1653 2517 1780 2576 dies
1814 2516 1944 2593 jam
1987 2517 2206 2577 dudum
2249 2517 2413 2593 genti
2456 2516 2822 2575 Ebraeorum
2868 2531 3262 2590 evanuerant,
3326 2519 3583 2578 maxime
3651 2520 3788 2577 inde
3858 2539 3898 2579 a

468 2614 685 2675 Christi
728 2616 1009 2692 adventu,
1052 2618 1153 2694 qui
1194 2637 1262 2677 se
1304 2637 1426 2679 non
1469 2637 1702 2696 pacem,
1744 2618 1854 2676 sed
1893 2618 2114 2678 ferrum
2158 2619 2441 2677 adtulisse
2486 2618 2740 2678 dixerat.

678 2715 802 2777 Suo
845 2719 1025 2795 igitur
1055 2718 1194 2795 jure
1238 2718 1538 2796 Josephus
1577 2720 1850 2779 maximis
1900 2721 2173 2779 laudibus
2227 2717 2402 2777 effert
2455 2719 2672 2778 Mosen
2724 2719 3166 2793 certissimoque
3223 2720 3552 2781 discrimine
3598 2742 3637 2781 a
3678 2723 3893 2791 ceteris

463 2816 899 2894 legislatoribus
966 2821 1265 2895 discernit,
1328 2833 1391 2881 et
1454 2822 1627 2881 illum·
1681 2822 1919 2899 quidem
1970 2821 2055 2878 ait
2106 2830 2298 2881 totam
2344 2821 2782 2897 legislationem
2830 2821 2892 2878 in
2945 2820 3215 2879 doctrina
3269 2821 3343 2879 de
3398 2822 3514 2881 deo
3555 2821 3784 2895 fulcire,
3827 2831 3894 2880 ut

462 2919 727 2979 homines
780 2922 875 2980 dei
927 2933 1205 2983 naturam
1260 2924 1456 2984 animo
1521 2910 1636 3004 (τῷ
1692 2909 1812 3005 rep)
1871 2925 2343 2997 contemplantes
2397 2921 2682 2999 optimum
2726 2921 2984 2980 omnium
3027 2924 3334 2998 exemplar
3373 2923 3541 2999 sequi
3583 2923 3896 2995 studeant3

463 3023 571 3080 hos
612 3039 759 3081 vero
803 3042 843 3082 a
884 3025 1075 3099 pactis
1118 3038 1182 3083 et
1222 3024 1531 3085 conventis
1574 3036 1637 3082 et
1677 3034 1883 3082 mutuo
1925 3025 2088 3083 circa
2119 3024 2272 3082 haec
2304 3022 2445 3098 jure
2488 3022 2788 3098 profectos
2854 3041 2987 3081 esse
3029 3023 3374 3098 (Antiquitt.
3422 3041 3667 3099 prooem
3720 3030 3773 3095 §-
3796 3025 3866 3098 4)
3874 3047 3895 3103 3

464 3123 667 3196 quibus
710 3126 907 3184 verbis
949 3125 1203 3186 dubitari
1245 3144 1365 3185 non
1406 3134 1609 3201 potest
1669 3125 1808 3200 quin
1848 3124 1982 3184 illos
2025 3142 2378 3201 graecarum
2422 3124 2728 3183 civitatum
2779 3121 3127 3183 fundatores
3183 3124 3495 3201 respiciat,
3537 3126 3896 3203 Lycurgum,

464 3224 776 3298 Solonem,
820 3225 1219 3302 Charmidem,
1263 3228 1606 3301 Zaleucum,
1647 3226 2025 3301 maximeque
2069 3226 2326 3284 omnium
2369 3225 2625 3284 fortasse
2654 3226 3058 3284 Romanorum
3094 3225 3247 3300 juris
3275 3227 3599 3288 consultos.
3659 3227 3894 3304 Legum

459 3340 661 3387 autem
679 3369 698 3400 ,
751 3345 899 3403 quas
952 3330 1151 3389 sanxit
1213 3330 1449 3402 Moses,
1507 3329 1985 3388 constitutionem
2027 3347 2147 3387 non
2191 3327 2304 3402 ipsi
2367 3327 2474 3384 sed
2540 3344 2816 3401 supremo
2881 3328 3102 3388 numini
3145 3337 3448 3403 tamquam
3489 3328 3791 3403 praesenti
3834 3339 3898 3386 et

460 3430 770 3489 adsistenti
855 3430 1121 3490 attribuit
1183 3425 1323 3511 (τὴν
1394 3425 1687 3490 πολιτείαν
1766 3426 1908 3510 ἡμῖν
1990 3427 2023 3489 ὁ
2096 3423 2617 3508 καταστησάμενός
2685 3423 2808 3488 ἐστι
2875 3422 3034 3495 Θεὸς
3098 3424 3194 3488 διὰ
3253 3422 3578 3495 Μωῦσέως
3642 3430 3720 3489 ib.
3776 3431 3897 3503 111,

457 3549 591 3606 cap.
643 3531 719 3590 15
764 3532 820 3607 ς.
864 3527 930 3612 3)
974 3542 1038 3591 et
1076 3532 1233 3592 hanc
1277 3534 1355 3593 ob
1397 3551 1643 3593 causam
1683 3543 1809 3592 tum
1852 3533 2022 3610 leges
2064 3541 2190 3592 tum
2236 3530 2421 3589 virum
2464 3532 2657 3608 ipsum
2700 3530 2944 3605 majoris
2986 3547 3164 3605 quam
3191 3532 3487 3592 humanae
3519 3529 3895 3591 auctoritatis

458 3651 592 3692 esse
636 3643 859 3693 censet.
966 3634 1248 3694 Formam
1287 3636 1470 3713 igitur
1509 3635 1673 3694 illam
1717 3643 1779 3691 et
1821 3632 2388 3694 administrationem
2432 3632 2718 3705 civitatis,
2774 3650 2929 3708 quae
2971 3633 3340 3694 theocratica
3382 3632 3594 3693 dicitur
3636 3625 3897 3710 („liceat

462 3735 675 3812 „enim‚
719 3745 788 3795 ut
827 3736 955 3811 ipse
998 3736 1215 3797 ibidem
1258 3737 1365 3810 ait,
1404 3737 1521 3796 hae
1575 3753 1728 3794 voce
1782 3735 2022 3794 tametsi
2068 3734 2271 3810 paullo
2327 3734 2562 3793 duriore
2612 3730 2774 3809 uti“)
2821 3734 2883 3792 in
2937 3734 3303 3794 Ebraeorum
3358 3733 3667 3812 republica
3716 3733 3894 3808 plane

459 3835 731 3914 agnoscit
772 3837 1014 3911 (contra
1052 3840 1274 3917 Apion.
1318 3839 1407 3911 11,
1454 3838 1584 3914 16).
1668 3837 1882 3912 Neque
1926 3838 2118 3896 minus
2161 3836 2342 3895 etiam
2384 3835 2717 3896 tabularum
2745 3835 3071 3894 vanitatem
3117 3836 3352 3910 „qualis
3383 3836 3544 3914 apud
3578 3836 3728 3895 alios
3757 3839 3891 3895 est“

454 3956 668 3997 severe
696 3946 871 3997 taxat
913 3935 1081 4019 (Ant.
1124 3958 1387 4016 prooem.
1433 3940 1486 4014 S.
1532 3935 1618 4020 3),
1660 3939 1819 4014 quod
1861 3939 2235 4014 vituperium,
2277 3955 2639 4013 quamquam
2683 3935 3056 3997 Graecorum
3097 3938 3615 4014 Romanorumque
3660 3939 3894 4016 mytho·

456 4039 682 4117 logiam
726 4034 1079 4121 (ἀσχήμονα
1125 4038 1515 4121 μυθολογίαν)
1582 4042 1816 4100 disertis
1882 4040 2080 4100 verbis
2144 4040 2451 4100 nominare
2518 4052 2776 4111 veretur,
2831 4040 2959 4113 quis
3025 4049 3118 4098 est
3180 4040 3279 4115 qui
3344 4041 3574 4101 dubitet
3625 4041 3764 4116 quin
3815 4041 3896 4100 ad

458 4145 801 4222 voluptates
844 4145 1228 4219 libidinesque
1271 4145 1518 4203 deornm
1560 4162 1600 4202 a
1640 4143 1837 4218 poetis
1880 4144 2235 4204 decantatas
2289 4153 2348 4202 et
2404 4141 2589 4219 vulgo
2633 4142 2889 4201 creditas
2930 4140 3303 4201 referendum
3343 4141 3463 4201 sit?
3507 4145 3724 4204 Mosen
3745 4160 3893 4201 vero

457 4247 853 4306 narrationem
898 4247 974 4305 de
1017 4246 1133 4304 deo
1176 4263 1386 4320 puram
1430 4265 1470 4304 a
1510 4245 1729 4305 talibus
1773 4262 2163 4304 conservasse
2207 4253 2271 4302 et
2311 4243 2515 4302 virtuti
2569 4242 2701 4318 ejus
2761 4242 3184 4302 couvenientes
3238 4263 3474 4321 semper
3515 4245 3894 4321 operationes

453 4348 795 4425 assignasse
851 4348 953 4419 ait,
1016 4364 1191 4421 quum
1235 4347 1469 4422 impune
1523 4359 1731 4422 posset
1779 4365 1889 4423 pro
1941 4346 2310 4422 longitudine
2365 4346 2648 4421 temporis
2701 4360 3012 4418 rerumque
3064 4354 3365 4405 vetustate
3407 4346 3706 4422 quaelibet
3749 4363 3892 4404 con-

449 4450 679 4526 flngere
718 4449 1034 4507 mendacia
1077 4445 1207 4527 (ib).
1296 4449 1630 4509 Voltarium
1675 4448 1943 4523 quidem,
2008 4465 2130 4522 qua
2177 4461 2271 4507 est
2330 4447 2392 4506 iu
2436 4446 2763 4523 judicando
2817 4463 3022 4506 sacras
3079 4465 3180 4505 res
3225 4446 3473 4507 levitate
3519 4459 3581 4507 et
3621 4446 3892 4525 perfidia,

452 4552 553 4609 vix
574 4551 976 4610 necessarium
1010 4550 1283 4609 existimo
1324 4550 1606 4622 refutare,
1650 4550 1964 4622 dicentem,
2008 4550 2216 4623 (Essai
2258 4568 2361 4610 sur
2401 4550 2490 4609 les
2530 4567 2772 4608 moeurs
2797 4547 2853 4620 Ι,
2903 4548 3074 4621 118),
3116 4546 3446 4624 Josephum
3487 4549 3891 4627 legislatorem

450 4654 687 4713 Mosen
730 4672 863 4713 cum
920 4652 1124 4712 Minoe
1173 4651 1443 4712 Cretensi
1498 4652 1576 4711 ad
1629 4652 1973 4730 Apollinem
2022 4652 2194 4729 leges
2255 4670 2398 4711 suas
2452 4650 2746 4710 referente
2822 4665 3200 4723 comparasse
3219 4694 3239 4725 ,
3307 4653 3468 4727 quod
3522 4669 3730 4711 verum
3798 4657 3896 4709 est

450 4753 687 4835 (contra
751 4757 971 4832 Apion.
1036 4755 1122 4827 n,
1182 4751 1309 4834 16),
1374 4755 1568 4813 neutri
1620 4772 1767 4813 vero
1821 4772 2025 4812 eorum
2084 4753 2261 4812 fidem
2320 4753 2622 4826 habuisse,
2679 4752 2840 4829 quod
2891 4769 3067 4810 nemo
3136 4752 3314 4813 facile
3374 4754 3487 4814 erit
3540 4752 3887 4812 crediturus.

449 4856 580 4917 lmo
624 4857 880 4916 traditur
904 4856 1103 4916 multis
1130 4856 1191 4915 iu
1220 4855 1371 4917 locis
1395 4855 1601 4916 Moses
1629 4856 1692 4916 iu
1719 4855 1841 4914 Dei
1873 4856 2059 4932 ipsius
2087 4856 2438 4915 societatem
2464 4855 3052 4930 communionemque
3082 4854 3337 4927 venisse,
3379 4865 3447 4916 ut
3472 4856 3533 4916 in
3565 4853 3889 4916 Archaeol.

446 4957 565 5018 111.
618 4976 749 5034 cap.
806 4959 843 5017 6
905 4965 955 5033 §-
1013 4959 1087 5032 5,
1150 4959 1251 5018 ubi
1308 4956 1627 5018 Cherubim
1669 4960 1926 5037 figuras,
1990 4957 2201 5034 quales
2241 4974 2418 5016 nemo
2460 4957 2795 5018 mortalium
2838 4973 3117 5032 umquam
3157 4955 3218 5015 in
3259 4956 3414 5018 vivis
3456 4953 3887 5034 conspexisset,

449 5058 655 5119 Moses
695 5061 827 5138 ipse
850 5079 919 5120 se
960 5062 1020 5121 in
1043 5060 1164 5120 Dei
1206 5059 1358 5119 solio
1402 5078 1721 5136 expressas
1744 5060 1965 5120 vidisse
2008 5061 2113 5119 ait.
2200 5058 2373 5134 Quae
2418 5059 2516 5120 vel
2557 5059 2872 5120 bibliorum
2891 5075 3196 5118 sacrorum
3237 5059 3655 5119 auctoritatem
3696 5065 3888 5124 naus·

451 5160 812 5237 gradiuntur,
853 5162 916 5222 in
959 5163 1169 5240 quibus
1215 5156 1427 5242 (Exod
1476 5160 1581 5234 37,
1624 5180 1719 5224 vv.
1768 5157 1963 5242 7-9)
2004 5160 2150 5220 nihil
2190 5160 2304 5220 nisi
2359 5159 2815 5240 descriptionem
2863 5159 3098 5218 illorum
3164 5160 3545 5220 animantium
3597 5155 3888 5220 invenies.

448 5261 682 5321 Eodem
722 5265 901 5323 modo
945 5263 1270 5340 (antiquitt.
1312 5264 1431 5337 m,
1477 5264 1541 5338 8,
1590 5267 1655 5337 1)
1696 5262 1869 5324 fiatri
1907 5263 2102 5324 Aroui
2143 5262 2545 5322 sacerdotium
2586 5261 2818 5324 confert
2837 5262 2976 5321 Deo
3020 5278 3222 5322 coram
3253 5271 3583 5340 apparente
3627 5252 3891 5338 (ἆπιπὰς

451 5362 491 5425 ὁ
534 5356 693 5430 Otos·
734 5354 1014 5446 Μωῦοῆ)
1056 5375 1117 5425 et
1151 5365 1420 5442 jubente.
1526 5363 1743 5441 Neque
1798 5364 1990 5426 miuus
2038 5375 2234 5444 ratum
2285 5374 2380 5423 est
2420 5373 2483 5421 et
2524 5374 2806 5428 constans
2847 5360 3149 5439 Josepho,
3198 5363 3380 5424 libros
3431 5364 3535 5440 qui
3575 5363 3685 5426 sub
3727 5360 3924 5434 uos·

3346 5482 3384 5542 3
