4159 6300
1960 808 2061 875 16

301 1032 451 1092 XX.
518 1050 645 1108 cap.
716 1032 816 1104 11,
883 1034 932 1101 5.
1002 1026 1084 1111 2).
1194 1030 1429 1090 Etenim
1494 996 1923 1109 flierosolymis
1988 1038 2185 1101 natus,
2246 1031 2433 1108 longa
2484 1030 2637 1090 serie
2694 1048 2734 1087 a
2785 1028 3162 1088 sacerdotum
3202 1026 3384 1103 stirpe
3430 1023 3731 1095 oriunda,

298 1145 569 1193 materno
613 1150 832 1211 genere
879 1133 954 1191 ab
998 1132 1139 1207 ipsis
1179 1133 1419 1209 regibus
1461 1131 1752 1209 indigenis
1804 1133 2190 1192 Maccabaeis
2244 1133 2498 1191 deducto
2544 1126 2695 1210 (vita
2738 1133 2788 1200 5.
2840 1128 2927 1202 1),
2963 1127 3092 1204 jam
3147 1145 3316 1204 puer,
3359 1125 3535 1185 sicufi
3573 1117 3730 1183 nunc

298 1233 479 1292 etiam
529 1251 659 1292 mos
715 1244 806 1293 est
868 1233 1029 1310 apud
1078 1232 1347 1293 Ebraeos
1404 1233 1681 1307 antiquae
1734 1235 2070 1311 prosapiae,
2124 1235 2210 1292 ita
2260 1234 2524 1292 incubuit
2574 1231 2803 1303 studiis,
2843 1230 2906 1288 id
2949 1241 3059 1301 est,
3102 1246 3407 1288 sacrorum
3451 1226 3731 1285 librorum

297 1343 361 1392 et
401 1335 599 1393 sensui
654 1342 716 1392 et
768 1336 963 1395 verbis
1019 1335 1348 1393 ediscendis
1403 1343 1463 1391 et
1515 1334 1906 1408 explicandis,
1960 1344 2026 1393 ut
2077 1344 2139 1393 et
2194 1334 2503 1410 pontifices
2555 1334 2955 1409 primoresque
3008 1331 3166 1389 urbis
3219 1329 3297 1388 ad
3348 1346 3483 1385 eum
3535 1326 3732 1384 venti·

294 1446 525 1510 tarent,
584 1436 915 1495 accuratius
980 1437 1054 1495 de
1107 1436 1339 1512 legibus
1393 1435 1746 1494 sciscitaturi
1787 1436 1944 1510 (vita
1986 1440 2036 1507 5.
2082 1432 2151 1513 2)
2195 1446 2257 1494 et
2299 1437 2619 1512 populares
2663 1454 2799 1494 eum
2843 1451 3046 1491 omnes
3088 1431 3398 1508 plurimum
3441 1429 3504 1487 in
3546 1427 3726 1486 ‹fisci-

292 1537 454 1611 plina
495 1537 691 1612 patria
732 1536 1097 1612 praestitisse
1138 1555 1258 1595 uno
1303 1554 1595 1595 consensu
1636 1539 2056 1596 confiterentur
2107 1535 2313 1616 (antiq.
2369 1538 2529 1610 XX,
2589 1540 2661 1596 11
2712 1542 2761 1608 5.
2809 1537 2897 1609 2).
2999 1534 3211 1607 Neque
3258 1524 3568 1590 contentus
3609 1528 3728 1587 hac

292 1638 446 1714 legis
509 1639 759 1697 scientia
814 1654 1031 1712 „quam
1095 1637 1195 1713 qui
1238 1646 1591 1696 consecutus
1637 1649 1760 1711 est,
1812 1640 1974 1698 solus
2028 1640 2187 1716 apud
2238 1637 2509 1697 «Iudaeos
2563 1639 2801 1713 sapiens
2845 1636 3213 1695 habebatur⁸⁸
3263 1634 3340 1708 (1.
3395 1628 3495 1712 c.),
3547 1630 3729 1689 etiam

290 1740 466 1798 trium
508 1748 804 1798 sectarum
844 1739 1296 1811 notissimarum,
1339 1739 1823 1812 Pharisaeorum,
1875 1740 2268 1812 Essenorum,
2321 1740 2828 1812 Sadducaeorum,
2869 1738 3098 1814 placita*
3135 1742 3561 1811 perscrutatus,
3604 1740 3729 1790 tres

295 1859 482 1900 annos
553 1841 613 1899 in
657 1839 1040 1900 contubernio
1096 1841 1499 1899 anachoretae
1555 1839 1885 1916 cujusdam,
1938 1841 2173 1900 Banuui
2192 1885 2209 1913 ,
2266 1842 2470 1919 exegit
2522 1841 2769 1917 ejusque
2827 1839 3197 1915 disciplinam
3253 1844 3435 1911 atque
3489 1832 3723 1895 institu-

291 1944 513 2001 tionem
556 1941 767 2017 cupide
811 1949 1073 2000 sectatus
1129 1952 1221 2000 est
1275 1942 1434 2017 (vita
1490 1947 1540 2013 5.
1595 1940 1686 2015 2).
1738 1943 1824 1999 At
1878 1940 2131 2001 Graecis
2187 1943 2552 2002 Romanisve
2595 1943 2804 2002 litteris
2839 1941 2969 2017 jam
3012 1950 3136 1998 tum
3183 1954 3426 2012 operam
3468 1952 3729 1993 navasse

289 2043 658 2120 negaverim,
703 2044 979 2117 quoniam
1022 2043 1208 2102 serius
1233 2043 1659 2120 grammaticae
1696 2043 1990 2101 elementa
2021 2062 2088 2101 se
2134 2043 2405 2103 didicisse
2430 2046 2515 2102 ait
2557 2054 2618 2103 et
2659 2046 2865 2103 harum
2911 2043 3093 2101 etiam
3138 2040 3349 2099 artium
3395 2045 3731 2112 compotem

288 2145 417 2203 fieri
460 2145 782 2217 studuisse,
837 2163 1041 2202 verum
1098 2152 1438 2202 accuratam
1490 2144 1916 2218 pronunciandi
1965 2145 2258 2205 rationem
2304 2147 2540 2221 assequi
2583 2164 2702 2205 non
2749 2145 2998 2220 amplius
3039 2143 3305 2218 potuisse
3351 2141 3526 2214 (Aut.
3570 2137 3724 2210 XX,

294 2247 367 2303 11
417 2249 464 2315 5.
515 2246 602 2322 2).
691 2246 861 2321 Quae
884 2236 887 2239 ’
907 2246 1142 2322 quidem
1187 2254 1247 2304 et
1289 2263 1511 2322 graeca
1531 2245 1810 2305 librorum
1854 2246 2116 2321 ipsorum
2157 2248 2489 2307 elocutione
2535 2257 2597 2307 et
2639 2247 3065 2325 compositione
3092 2242 3332 2303 omnino
3376 2241 3726 2300 confirman-

286 2356 409 2417 tur3
454 2366 648 2424 neque
690 2348 880 2406 minus
924 2365 990 2405 se
1058 2347 1134 2405 ad
1192 2348 1344 2405 bene
1397 2346 1696 2423 politeque
1751 2348 2124 2407 scribendum
2179 2350 2589 2408 nonnullorum
2646 2349 3017 2408 familiarium
3065 2345 3346 2404 auxilium
3391 2342 3726 2402 adhibuisse

283 2448 534 2522 ipsemet
577 2451 888 2507 confltetur
949 2448 1192 2525 (contra
1252 2447 1471 2523 Apion.
1516 2448 1569 2522 Ι,
1633 2452 1682 2519 5.
1733 2448 1821 2523 9).
1926 2448 2140 2524 Neque
2193 2460 2395 2509 tamen
2446 2450 2508 2508 id
2562 2451 2647 2509 ita
2706 2450 2952 2523 intelligi
2995 2448 3205 2520 velim,
3250 2446 3422 2522 quasi
3465 2438 3726 2521 graecae

288 2569 362 2609 ac
402 2549 656 2609 fortasse
703 2551 880 2608 etiam
923 2550 1149 2608 latinae
1178 2549 1443 2626 ‘linguae
1497 2548 1768 2624 peritiam
1824 2558 1885 2607 et
1936 2569 2128 2623 usum,
2183 2551 2281 2626 qui
2334 2551 2569 2627 quidem
2628 2551 2708 2610 ad
2761 2552 2922 2610 vitae
2976 2549 3354 2625 quotidianae
3409 2554 3726 2604 cousuetu-

287 2653 479 2712 dinem
524 2651 839 2723 sufflceret,
885 2651 1233 2710 adolescens
1274 2649 1534 2709 nondum
1574 2650 1867 2722 habuerit,
1911 2671 2110 2727 quum,
2134 2662 2197 2711 et
2235 2653 2391 2711 illius
2454 2653 2590 2710 aevi
2644 2653 2911 2711 homines
2977 2669 3200 2728 graeco
3244 2668 3347 2707 ore
3390 2647 3553 2722 loqui
3593 2656 3727 2706 tota

290 2753 442 2812 Asia
486 2752 742 2810 universi
787 2734 1175 2811 consuessent
1216 2761 1278 2809 et
1320 2753 1445 2825 ipse
1490 2749 1793 2826 «Iosephus
1835 2760 1960 2809 tum
2006 2761 2188 2811 antea
2229 2753 2631 2811 Romanorum
2674 2753 2989 2811 multorum
3010 2750 3414 2810 familiaritate
3437 2758 3718 2819 uteretur,

283 2864 409 2912 tum
454 2852 697 2930 triginta
738 2862 859 2912 tres
904 2872 1092 2912 annos
1134 2860 1311 2910 natus
1358 2851 1459 2927 (de
1502 2854 1557 2911 b.
1593 2852 1644 2928 j.
1688 2854 1802 2914 IV.
1852 2856 1887 2913 2
1937 2859 1989 2926 5.
2038 2832 2108 2927 3)
2152 2854 2210 2911 in
2257 2854 2560 2913 obsidione
2603 2852 2762 2911 urbis
2820 2853 2973 2911 inter
3025 2853 3228 2911 Titum
3286 2860 3349 2909 et
3403 2849 3716 2926 populares

285 2972 467 3029 saepe
518 2955 852 3029 interpretis
905 2973 1147 3013 munere
1212 2953 1556 3030 fungeretur
1609 2953 1743 3034 (De
1786 2956 1901 3017 bel.
1939 2954 2068 3031 jud.
2117 2958 2193 3019 V.
2240 2959 2276 3014 9
2325 2962 2374 3028 5.
2423 2956 2491 3027 3,
2544 2956 2618 3013 13
2666 2960 2715 3027 5.
2763 2956 2832 3027 8,
2875 2955 3005 3027 VI,
3068 2955 3105 3011 2
3152 2958 3216 3025 5.‘
3253 2954 3352 3029 1.).
3439 2950 3721 3011 Nonnihil

283 3058 461 3114 etiam
525 3056 775 3132 profecit
817 3056 877 3115 in
924 3058 1040 3114 hac
1105 3069 1233 3114 arte
1297 3056 1599 3115 itineribus
1642 3076 1750 3132 per
1810 3068 2000 3116 terras
2057 3058 2354 3117 hominum
2398 3076 2616 3133 graece
2660 3057 3024 3130 loquentium
3053 3056 3393 3131 frequenter
3419 3055 3722 3113 institutis.

278 3159 512 3218 Romae
578 3169 640 3217 et
691 3158 869 3218 fuisse
927 3160 1109 3218 semel
1160 3158 1370 3235 viginti
1413 3177 1524 3217 sex
1581 3177 1768 3218 annos
1828 3168 2032 3218 natum
2077 3161 2209 3238 jam
2266 3180 2449 3237 supra
2516 3160 2972 3218 memoravimus
3025 3169 3087 3217 et
3138 3166 3462 3234 provectus
3516 3165 3723 3216 aetate

280 3260 589 3335 plurimam
611 3260 770 3318 vitae
812 3269 1041 3335 partem
1070 3261 1546 3319 commorabatur
1586 3262 1824 3333 (contra
1867 3263 1983 3338 Ap.
2026 3263 2078 3336 I,
2128 3260 2210 3341 9).
2306 3262 2711 3321 Alexandriae
2743 3270 2945 3320 natam
2969 3261 3138 3319 duxit
3178 3279 3424 3319 uxorem
3471 3262 3573 3337 (de
3597 3260 3727 3320 vita

284 3369 329 3435 5.
380 3362 509 3438 76),
551 3376 743 3435 neque
785 3361 975 3418 minus
1019 3380 1152 3421 eum
1183 3362 1394 3437 opinor
1418 3360 1680 3435 Cretam,
1725 3362 2016 3434 Athenas,
2060 3367 2378 3440 Argosque
2421 3365 2813 3440 perlustrasse
2868 3371 3175 3438 totamque
3219 3361 3346 3420 iere
3394 3360 3718 3421 Graeciam

278 3481 654 3540 peragrasse.
759 3462 919 3521 Nam
971 3462 1069 3521 ubi
1128 3462 1494 3522 Caesaream
1548 3463 2128 3540 magnificentissime
2196 3468 2272 3525 ab
2334 3465 2579 3524 Herode
2637 3471 2996 3522 exstructam
3054 3463 3331 3523 describit
3391 3462 3718 3538 (antiquitt.

278 3565 422 3625 XV.
466 3565 502 3623 9
549 3569 600 3634 5.
649 3564 717 3634 63
771 3564 846 3621 de
892 3564 1046 3622 bello
1067 3562 1197 3638 jud.
1242 3565 1317 3637 I.,
1363 3565 1438 3622 21
1489 3570 1536 3637 5.
1584 3565 1672 3641 5),
1715 3573 1947 3639 portum
1992 3566 2167 3643 hujus
2208 3566 2366 3625 urbis
2408 3585 2540 3625 cum
2570 3565 2827 3623 Piraeeo
2871 3573 3279 3641 comparatum
3311 3563 3720 3641 magnitudine

278 3684 561 3741 superare
606 3664 783 3736 dicit3
830 3674 1088 3724 statuam
1141 3683 1286 3723 vero
1344 3666 1603 3750 Augusti
1655 3667 1715 3724 in
1774 3668 1994 3742 templo
2060 3666 2403 3727 Caesareae
2449 3668 2726 3745 positam,
2771 3667 3227 3744 praegrandem,
3272 3683 3391 3724 non
3433 3665 3720 3723 minorem

278 3768 457 3826 fuisse
509 3765 668 3825 Jove
721 3765 1029 3843 Olympio,
1085 3765 1254 3841 cujus
1312 3768 1393 3826 ad
1449 3768 1752 3842 exemplar
1805 3768 1967 3827 iacta
2031 3769 2140 3842 sit,
2195 3778 2258 3828 et
2300 3768 2556 3847 effigiem
2600 3769 2752 3827 deae
2809 3769 3039 3827 Romae
3082 3767 3352 3826 tutelaris
3396 3766 3716 3826 simulacro

279 3868 563 3941 Junonis,
607 3868 765 3943 quod
809 3868 993 3944 Argis
1038 3868 1297 3941 colatur,
1338 3886 1542 3943 parem
1587 3871 1692 3939 (ib.
1740 3876 1787 3942 5.
1836 3873 1924 3945 7).

490 3972 613 4033 Sed
648 3969 755 4027 tali
798 3987 1146 4046 graecarum
1189 3970 1488 4029 literarum
1535 3979 1592 4028 et
1638 3973 1848 4031 artium
1899 3972 2101 4032 studio
2161 3972 2403 4030 multum
2471 3971 2694 4044 abfuit,
2760 3982 2825 4029 ut
2884 3982 2988 4029 aut
3042 3971 3201 4046 apud
3257 3968 3527 4028 «ludaeos
3582 3987 3719 4046 gra·

273 4075 419 4132 tiam
462 4085 521 4132 et
566 4071 1038 4130 benevolentiam
1092 4073 1561 4145 nancisceretur,
1622 4084 1760 4146 aut,
1825 4093 1938 4131 sua
1989 4073 2172 4149 ipsius
2224 4084 2440 4132 natura
2503 4085 2682 4149 atque
2741 4073 2937 4131 indole
2981 4073 3307 4142 immutata,
3351 4070 3720 4146 disciplinam

278 4177 353 4234 de
419 4173 636 4233 teneris
699 4172 993 4250 unguibus
1071 4174 1243 4249 quasi
1322 4183 1624 4248 receptam
1696 4175 2000 4252 abjiceret.
2121 4178 2214 4234 Ac
2279 4176 2440 4251 prius
2504 4176 2648 4234 illud
2723 4176 2982 4233 breviter
3058 4172 3309 4231 transire
3385 4191 3720 4248 possumus,

274 4276 551 4352 quoniam
618 4283 680 4331 et
741 4294 807 4333 re
872 4275 1004 4350 ipsa
1077 4284 1138 4333 et
1194 4284 1327 4335 tota
1389 4276 1592 4352 populi
1657 4277 1903 4336 historia
1967 4279 2385 4352 comprobatur
2450 4286 2510 4334 et
2576 4277 2875 4351 scriptoris
2941 4275 3276 4334 testimonio
3321 4276 3716 4338 confirmatur.

270 4376 456 4436 Nullo
503 4377 654 4436 enim
696 4378 756 4435 in
798 4378 1023 4435 honore
1069 4395 1201 4436 esse
1246 4379 1330 4436 ait
1377 4380 1533 4453 apud
1578 4378 1865 4451 Ebraeos,
1912 4380 2011 4454 qui
2054 4380 2502 4457 peregrinorum
2545 4379 2899 4456 populorum
2942 4378 3157 4454 linguis
3199 4377 3362 4453 loqui
3407 4376 3716 4435 didicerint

275 4487 337 4536 et
379 4479 439 4537 in
482 4496 752 4537 sermone
797 4459 1067 4536 dictionis
1113 4479 1473 4557 elegantiam
1519 4491 1809 4539 venentur
1852 4479 2169 4556 (antiquitt.
2216 4482 2364 4544 XX.
2414 4484 2486 4540 11
2535 4482 2644 4539 sub
2704 4478 2922 4560 finem).
3011 4477 3434 4538 Alexandrinis
3479 4477 3712 4553 quidem

272 4578 541 4652 Judaeis,
587 4579 684 4655 qui
719 4579 848 4655 jam
890 4580 1024 4638 inde
1072 4582 1147 4639 ab
1190 4580 1519 4638 Alexandri
1563 4582 1648 4640 M.
1693 4591 1961 4659 tempore
2008 4601 2080 4641 eo
2107 4583 2527 4660 transmigrare
2581 4591 2924 4656 coeperant,
2968 4580 3100 4638 vice
3144 4579 3295 4637 cotis
3338 4578 3716 4656 fungebatur,

270 4693 337 4741 ut
391 4691 573 4757 poeta
623 4681 915 4757 loquitur,
976 4681 1352 4740 acutissimae
1409 4701 1761 4758 graecarum
1803 4683 2109 4741 literarum
2178 4684 2439 4760 cognitio
2495 4684 2898 4759 sermonisque
2943 4682 3339 4758 consuetudo;
3399 4682 3488 4739 ita
3529 4688 3596 4739 ut
3637 4679 3716 4738 ad

270 4786 381 4843 hos
427 4802 504 4841 ex
547 4782 876 4861 peregrinis
920 4782 1202 4842 institutis
1243 4784 1470 4843 multae
1513 4785 1913 4843 redundarent
1954 4785 2370 4844 innovationes
2432 4786 2510 4844 ad
2564 4783 3068 4859 interpretandam
3119 4782 3318 4859 legem
3361 4781 3715 4854 Massicum,

271 4896 333 4945 et
377 4886 577 4944 avitae
619 4885 862 4963 linguae
907 4903 1079 4944 usum
1119 4886 1244 4945 iere
1276 4886 1791 4945 obliviscerentur.
1880 4886 2073 4963 Igitur
2114 4886 2174 4943 hi
2220 4886 2455 4962 quidem
2498 4871 2824 4945 inauditam
2869 4894 3052 4945 antea
3095 4885 3411 4945 audaciam
3451 4885 3516 4944 iu
3547 4883 3712 4944 libris

271 4987 456 5048 sacris
503 4987 886 5064 explicandis,
929 4988 1100 5065 quasi
1143 4988 1308 5048 inviti
1354 4997 1415 5047 et
1458 4989 1726 5065 quamvis
1771 4997 1971 5046 essent
2011 4989 2244 5064 patriae
2288 4988 2427 5047 fidei
2467 4988 2850 5059 tenacissimi,
2896 4989 2975 5048 ad
3018 5006 3084 5047 se
3128 4988 3521 5046 traduxerunt
3540 5029 3558 5060 ‚
3613 5003 3715 5047 ae·

272 5089 521 5148 cedente
581 5097 643 5147 et
695 5089 865 5165 quasi
910 5087 1203 5150 'obruente
1269 5090 1591 5149 Platonica
1652 5091 2056 5168 philosophia,
2128 5073 2306 5166 quam
2358 5110 2537 5168 quum
2594 5089 3056 5167 haudquaquam
3101 5091 3318 5167 ubique
3363 5099 3510 5148 cum·
3557 5088 3714 5166 legis

270 5189 505 5268 placitis
573 5193 888 5252 convenire
928 5194 1436 5267 intellexissent,
1477 5194 1569 5252 ita
1621 5193 1835 5253 sensim
1902 5194 2204 5270 arripuere
2271 5192 2689 5271 allegoriarum
2745 5192 3263 5266 consuetudinem,
3337 5201 3404 5250 ut
3469 5205 3708 5250 sensum

268 5309 390 5350 non
433 5291 628 5352 verbis
666 5304 840 5357 tenus
866 5293 1246 5373 exciperent,
1290 5296 1399 5356 sed
1442 5296 1689 5354 alterum
1735 5294 2120 5355 occultiorem
2176 5296 2470 5373 quendam
2516 5304 2578 5354 et
2620 5293 2987 5358 divinatione
3015 5307 3244 5357 tantum
3266 5291 3707 5373 percipiendum
