4159 6300
1955 703 2006 770 8

264 931 633 991 ferocissima
677 929 997 987 rebellione
1040 928 1441 988 Romanorum
1486 927 1763 986 ditionem
1808 926 2195 997 detrectavit,
2253 926 2468 985 bellum
2523 936 2790 1000 apertum
2847 924 3106 1000 suscepit
3150 932 3212 982 et
3254 923 3392 981 odio
3434 922 3700 998 inexpia-

260 1032 360 1091 bili
403 1032 639 1090 interire
684 1048 857 1104 quam
906 1030 1142 1089 obedire
1174 1030 1349 1089 malle
1393 1028 1720 1087 videbatur.
1806 1028 2019 1102 Neque
2062 1025 2261 1085 Porcii
2289 1026 2473 1098 Festi,
2518 1026 2740 1097 Albini,
2786 1023 2987 1085 Gessii
3026 1024 3210 1098 Flori,
3255 1032 3698 1098 procuratorum

256 1135 679 1204 Romanorum,
732 1131 849 1188 vim
896 1149 968 1188 ac
1023 1130 1339 1189 lubidinem
1384 1128 1595 1188 afferre
1650 1129 1863 1188 sufficit
1915 1147 2026 1187 nee
2063 1125 2553 1187 caesareensium
2597 1128 2794 1187 dolum
2850 1145 2922 1184 ac
2964 1126 3189 1199 scelus,
3236 1123 3536 1199 Judaeos,
3599 1125 3698 1200 qui

261 1236 419 1309 apud
464 1252 567 1292 eos
611 1233 974 1304 babitabant,
1020 1233 1176 1290 omni
1219 1232 1394 1290 modo
1440 1230 1838 1289 cavillantium
1883 1240 1945 1289 et
1985 1229 2370 1305 prementium
2426 1224 2611 1304 (Jost.
2655 1229 2788 1287 hist.
2846 1226 2990 1287 Jud.
3035 1227 3128 1298 11,
3181 1227 3280 1286 34.
3331 1224 3479 1308 36);
3544 1244 3698 1303 quae

258 1336 440 1412 vulgo
483 1334 672 1408 prima
724 1332 905 1391 fuisse
960 1332 1173 1392 dicitur
1236 1330 1375 1391 belli
1426 1330 1600 1406 hujus
1644 1350 1833 1391 causa
1875 1340 1937 1389 et
1989 1329 2248 1392 occasio,
2335 1329 2483 1405 Ejus
2534 1329 2693 1388 modi
2748 1329 2900 1388 enim
2954 1347 3130 1388 casus
3183 1328 3345 1387 nulla
3397 1337 3489 1387 est
3540 1336 3702 1386 terra

258 1436 545 1495 Romanis
590 1434 846 1505 subdita,
891 1433 1029 1508 quin
1074 1434 1313 1510 saepius
1358 1449 1644 1507 perpessa
1684 1433 1778 1491 sit.
1868 1432 1990 1492 Sed
2034 1430 2112 1489 ad
2135 1427 2450 1489 «Iudaicum
2493 1431 2713 1490 bellum
2757 1431 3010 1490 accessit
3059 1430 3250 1489 altera
3288 1429 3583 1503 quaedam
3627 1448 3701 1488 ac

256 1555 449 1612 paene
495 1537 740 1595 dixerim
784 1535 958 1593 unica
1000 1535 1090 1593 his
1132 1534 1492 1608 temporibus
1536 1552 1753 1608 causa,
1815 1533 2115 1609 religionis
2168 1512 2489 1591 auctoritas
2550 1542 2610 1590 et
2674 1531 3063 1592 sacerdotalis
3120 1531 3434 1606 potestatis
3509 1528 3699 1589 fastus

259 1648 318 1695 et
382 1637 648 1712 superior
713 1636 804 1695 sui
870 1634 1234 1706 aestimati03
1301 1634 1386 1692 ita
1448 1643 1514 1692 ut
1574 1643 1765 1693 totam
1827 1634 1989 1693 illam
2052 1632 2434 1702 seditionem,
2502 1634 2562 1692 id
2637 1634 2796 1709 quod
2859 1650 3104 1708 perraro
3185 1633 3403 1691 factum
3484 1642 3576 1691 est
3637 1633 3696 1689 in

258 1739 639 1813 antiquitate,
692 1736 862 1795 unice
922 1736 983 1794 in
1047 1736 1333 1813 religione
1395 1737 1650 1810 positam
1704 1746 1765 1794 et
1817 1736 1892 1794 ab
1958 1753 2032 1793 ea
2073 1733 2405 1809 profectam
2448 1734 2626 1794 fuisse
2686 1734 2823 1810 jure
2876 1744 3080 1793 nostro
3137 1734 3334 1792 dicere
3387 1732 3698 1807 possimus.

254 1840 368 1899 His
413 1837 824 1915 adjungendus
869 1837 1019 1895 alter
1059 1837 1257 1909 locus,
1320 1854 1435 1910 quo
1479 1855 1597 1894 non
1638 1836 1828 1895 minus
1873 1836 2185 1913 diligenter
2242 1835 2630 1895 animadverti
2703 1837 2911 1909 debet,
3008 1835 3321 1912 divulgata
3381 1835 3496 1892 hoc
3543 1850 3697 1891 aevo

256 1959 364 2016 per
406 1939 674 1998 «Iudaeos
714 1939 774 1996 in
820 1938 992 2009 Asia,
1038 1957 1114 1995 ex
1157 1939 1337 2014 longo
1381 1937 1693 1996 intervallo
1730 1937 1858 2013 jam
1900 1945 2257 2013 propagata,
2302 1958 2339 1994 a
2382 1938 2681 2013 prophetis
2728 1938 2996 2010 oriunda,
3046 1935 3458 2010 superstitiosa
3499 1933 3698 2008 opinio

257 2056 318 2101 et
363 2040 752 2118 exspectatiO,
797 2038 922 2098 fore
966 2048 1032 2097 ut
1074 2040 1325 2115 populus
1370 2058 1408 2097 a
1451 2038 1564 2097 deo
1609 2040 1925 2114 antiquitus
1979 2038 2090 2098 sibi
2135 2038 2358 2096 electus
2401 2058 2595 2097 rerum
2660 2039 2720 2097 in
2765 2038 3012 2099 Oriente
3055 2038 3378 2112 potiretur,
3444 2035 3699 2095 Romani

253 2143 557 2218 imperium
612 2141 948 2199 amitterent
1002 2136 1087 2219 (b.
1138 2140 1266 2216 jud.
1321 2158 1582 2216 prooem.
1639 2144 1691 2210 5.
1748 2142 1802 2201 2.
1865 2138 1986 2205 τοῖς
2038 2134 2143 2217 μὲν
2186 2128 2501 2205 Ἰουδαίοις
2568 2134 2630 2197 ἐν
2698 2133 2886 2198 ἐλπίδι
2950 2136 3256 2219 κτήσεως,
3320 2136 3439 2203 τοῖς
3500 2133 3568 2195 δὲ
3635 2131 3699 2195 ἑν

259 2239 636 2325 ἀφαιρέσεως
679 2236 803 2299 δέει
843 2236 1119 2319 γενέσθαι
1159 2237 1232 2301 τὰ
1266 2238 1401 2322 περὶ
1442 2238 1547 2321 τὴν
1593 2236 1929 2321 ἀνατολήν).
2029 2240 2202 2316 Quae
2248 2241 2479 2318 opini0,
2531 2241 2904 2299 sanctissima
2958 2240 3367 2298 vaticiniorum
3410 2239 3698 2315 religione

256 2346 550 2415 excitata,
622 2344 774 2401 inter
838 2342 1258 2417 imperatorum
1303 2342 1725 2414 Romanorum,
1791 2342 1890 2418 qui
1956 2351 2079 2400 tum
2146 2354 2346 2413 erant,
2413 2341 2702 2400 insaniam
2770 2352 2829 2400 et
2895 2341 3319 2411 temeritatem,
3396 2339 3702 2415 republica

254 2445 542 2504 intestinis
587 2443 1127 2502 conturbationibus
1169 2443 1554 2516 labefactata,
1595 2443 1776 2502 latius
1820 2443 1999 2501 etiam
2045 2441 2262 2501 diffusa
2307 2461 2437 2501 esse
2484 2453 2545 2501 et
2588 2443 2817 2502 credita
2858 2444 3122 2514 videtur,
3177 2459 3353 2516 quum
3396 2439 3700 2515 «Iosephus

256 2548 435 2606 etiam
503 2545 922 2605 Germanicum
986 2545 1235 2615 bellum,
1301 2544 1543 2603 ducibus
1622 2543 1893 2604 Classico
1971 2554 2031 2603 et
2087 2544 2332 2603 Vitellio
2395 2544 2594 2619 primis
2677 2545 3003 2604 Domitiani
3072 2542 3434 2617 temporibus
3506 2552 3700 2601 ortum

256 2647 476 2720 (Tacit.
524 2646 656 2706 hist.
700 2645 830 2717 1v.‚
877 2648 978 2719 35,
1026 2647 1156 2720 57),
1206 2645 1413 2703 eodem
1457 2645 1836 2704 incitamento
1859 2647 2177 2704 conflatum
2223 2663 2354 2704 esse
2400 2645 2675 2704 affirmet.
2721 2643 2823 2725 (de
2868 2648 2920 2706 b.
2957 2644 3085 2721 jud.
3111 2645 3279 2717 VII,
3324 2663 3375 2701 c.
3424 2645 3480 2702 4.
3513 2646 3563 2714 5.
3613 2640 3698 2724 2).

256 2747 377 2831 Sed
423 2766 555 2805 eam
599 2765 763 2821 spem
808 2747 1074 2818 nimiam,
1128 2747 1398 2805 frivolam
1446 2757 1525 2822 et,
1570 2747 1937 2806 <Iudaeorum
1982 2764 2054 2804 ac
2099 2747 2500 2805 Romanorum
2557 2748 2764 2820 opibus
2832 2746 3226 2821 comparatis,
3291 2746 3392 2803 vix
3438 2745 3697 2820 explica·

253 2849 459 2920 bilem,
531 2848 705 2906 hodie
771 2867 890 2906 non
954 2848 1130 2907 facile
1197 2856 1287 2905 est
1357 2848 1888 2920 comprehendere,
1959 2848 2009 2905 si
2074 2865 2193 2905 non
2239 2847 2808 2918 animadvertamus,
2881 2845 3209 2922 Josephum
3255 2847 3561 2905 immodice
3633 2856 3695 2904 et

256 2960 607 3025 arroganter
677 2950 750 3007 de
817 2949 1036 3009 viribus
1102 2957 1163 3006 et
1225 2956 1524 3020 potestate
1590 2966 1736 3006 suae
1802 2947 1995 3025 gentis
2051 2958 2114 3005 et
2170 2947 2474 3023 judicasse
2534 2959 2594 3008 et
2645 2947 3107 3023 pronunciasse,
3173 2966 3293 3006 non
3349 2956 3577 3008 tantum
3629 2956 3695 3005 ut

256 3050 508 3111 Graecis
555 3068 626 3109 ac
670 3050 989 3121 Romanis,
1032 3048 1203 3107 sicuti
1239 3048 1364 3124 jam
1408 3049 1842 3124 praediximus,
1886 3049 1947 3106 id
1991 3051 2405 3125 persuaderet,
2449 3050 2556 3107 sed
2597 3051 2712 3108 hac
2757 3049 3046 3124 opinionis
3092 3050 3437 3126 arrogantia
3478 3049 3698 3109 intimis

253 3152 521 3211 medullis
589 3152 756 3226 quasi
825 3162 885 3210 et
955 3153 1029 3210 ab
1095 3151 1459 3211 incunabulis
1503 3161 1763 3226 recepta.
1854 3150 2030 3226 Quid,
2085 3153 2242 3227 quod
2306 3152 2594 3229 gloriatur
2659 3146 2758 3230 (de
2817 3153 2874 3210 b.
2910 3152 3038 3228 jud.
3101 3170 3345 3228 prooem
3393 3159 3440 3225 5.
3489 3150 3554 3232 4)
3621 3171 3696 3210 ex

254 3254 518 3312 omnibus
586 3253 952 3324 civitatibuS,
1020 3272 1175 3329 quae
1242 3255 1575 3313 Romanum
1612 3253 1825 3330 jugum
1889 3252 2201 3324 subierint,
2270 3273 2436 3312 suam
2502 3255 2627 3313 sine
2693 3253 2870 3312 dubio
2929 3255 3005 3312 ad
3056 3272 3343 3313 summum
3399 3253 3696 3312 felicitatis

252 3353 634 3429 pervenisse?
679 3354 858 3428 quid?
923 3373 1117 3413 nonne
1161 3356 1275 3413 hoc
1318 3356 1534 3413 bellum
1577 3355 1895 3413 maximum
1940 3355 2196 3413 omnium
2243 3356 2423 3414 fuisse
2468 3356 2722 3414 affirmat
2774 3373 2893 3414 non
2949 3356 3127 3414 modo
3174 3371 3326 3430 quae
3371 3375 3482 3414 sua
3525 3364 3696 3413 aetas

251 3455 492 3528 viderit,
561 3456 668 3514 sed
740 3458 1166 3531 propemodum
1222 3456 1399 3514 etiam
1445 3474 1679 3528 eorum,
1747 3474 1900 3531 quae
1964 3457 2262 3515 auditione
2314 3457 2636 3518 memoriae
2679 3457 2902 3515 tradita
2944 3457 3201 3516 fuerint?
3251 3476 3447 3516 nonne
3490 3475 3692 3532 regem

249 3553 548 3614 Davidem
593 3563 825 3615 tantum
866 3558 1172 3632 reliquisse
1240 3575 1413 3632 opum
1459 3570 1691 3634 narrat,
1759 3567 2041 3632 quantum
2086 3578 2258 3617 nemo
2316 3560 2464 3618 alius
2510 3577 2719 3636 regum
2782 3559 2989 3617 habuit
3038 3576 3227 3633 neque
3283 3558 3693 3616 Hebraeorum

249 3673 441 3731 neque
485 3657 733 3716 aliarum
759 3659 1023 3734 gentium
1071 3659 1413 3735 (Antiquitt.
1462 3661 1626 3731 vn,
1673 3676 1803 3734 cap.
1858 3659 1956 3732 15,
2001 3665 2049 3732 5.
2098 3660 2211 3735 2)?
2254 3670 2314 3718 et
2343 3677 2495 3734 quae
2530 3658 2662 3734 jam
2686 3660 2904 3718 dudum
2948 3670 3163 3718 taxata
3206 3673 3298 3718 est
3343 3669 3404 3718 et
3446 3659 3694 3734 explosa

244 3756 537 3831 jactantia
569 3758 643 3816 de
664 3759 992 3818 Alexandri
1022 3761 1107 3819 M.
1138 3759 1411 3820 fabulosa
1456 3760 1838 3820 veneratione
1882 3761 2082 3835 templi
2131 3761 2654 3839 Hierosolymitani
2698 3761 3020 3836 (antiquitt.
3066 3763 3205 3835 XL,
3242 3780 3370 3836 cap.
3420 3762 3480 3834 7,
3521 3766 3573 3832 5.
3621 3761 3691 3837 83

250 3859 405 3918 cons.
459 3858 756 3919 Gervinus
810 3861 869 3919 in
922 3861 1053 3921 hist.
1111 3863 1412 3920 literarum
1466 3857 1854 3939 german.'1.,
1909 3878 1964 3936 p.
2012 3864 2165 3938 217)
2227 3881 2422 3921 nonne
2482 3862 2751 3921 veritatis
2804 3859 2951 3921 fi'nes
2994 3864 3173 3940 longe
3221 3860 3692 3940 transgreditur?

247 3961 450 4033 Atque
496 3959 705 4019 eodem
753 3963 1008 4037 pertinet
1050 3981 1182 4022 cum
1226 3963 1529 4037 permultis
1576 3963 1704 4021 aliis
1749 3972 1879 4021 tota
1943 3963 2047 4022 illa
2093 3963 2412 4040 disputatio
2469 3965 2542 4022 de
2586 3962 2837 4022 Judaeis
2883 3964 3232 4039 antiquitate
3299 3975 3359 4023 et
3403 3965 3692 4042 dignitate

246 4062 426 4137 longe
474 4060 744 4121 Graecos
789 4073 1135 4138 ceterosque
1189 4065 1441 4139 populos
1494 4084 1699 4124 omnes
1757 4064 2246 4125 antecellentibus
2303 4064 2461 4123 libris
2507 4065 2585 4124 11.
2644 4075 2853 4126 contra
2905 4067 3353 4142 grammaticum
3397 4066 3693 4142 Apionem

247 4161 537 4233 instituta,
607 4163 656 4221 si
711 4165 804 4223 hic
846 4163 1028 4224 fusius
1073 4166 1148 4223 de
1187 4184 1263 4224 ea
1302 4184 1367 4223 re
1412 4167 1699 4226 disserere
1744 4167 1911 4227 locus
1957 4176 2019 4226 et
2061 4168 2300 4227 occasio
2344 4167 2726 4241 permitteret.
2813 4167 3026 4243 Neque
3068 4168 3258 4226 minus
3300 4168 3400 4225 ille
3423 4168 3693 4226 Pseudo·

247 4262 576 4339 «Iosephus,
644 4265 717 4323 de
761 4282 878 4341 quo
943 4274 1124 4324 antea
1165 4269 1648 4342 memoravimus,
1692 4279 1873 4328 tenax
1931 4269 2257 4343 priscarum
2321 4286 2466 4326 suae
2533 4268 2727 4345 gentis
2771 4270 3108 4344 opinionum
3177 4278 3536 4340 assectator,
3581 4286 3692 4327 suo

244 4384 407 4425 more
450 4367 658 4425 cadem
702 4367 775 4425 de
818 4367 1196 4442 popularibus
1240 4369 1639 4443 praedicavit,
1684 4370 1804 4443 ubi,
1851 4372 1952 4446 (V.
2000 4372 2112 4443 24,
2153 4388 2212 4445 p.
2268 4369 2444 4444 141):
2494 4390 2650 4442 „non
2707 4371 2970 4445 fuerunt,
3038 4369 3256 4445 inquit,
3300 4369 3691 4445 sapientiores

250 4466 553 4539 „homines
595 4468 654 4526 in
700 4468 954 4541 mundo,
1019 4485 1194 4544 quam
1255 4469 1429 4529 fuerit
1470 4472 1723 4547 populus
1779 4471 2026 4543 domini,
2093 4490 2204 4532 nec
2255 4472 2531 4550 regnavit
2585 4473 2878 4548 sapientia
2936 4473 2995 4531 in
3057 4473 3174 4531 alio
3233 4472 3455 4548 populo
3515 4488 3692 4547 quam

248 4571 345 4640 „in
388 4570 607 4644 populo
654 4569 807 4629 dei.“

452 4671 573 4749 Ipsi
622 4682 821 4730 autem
867 4672 958 4731 Fl.
983 4669 1252 4749 Josepho
1299 4675 1377 4733 ad
1418 4676 1571 4735 hanc
1615 4675 1688 4735 de
1712 4673 1963 4735 Judaeis
2008 4675 2347 4752 opinionem
2393 4675 2677 4750 accessit,
2723 4677 2882 4753 quod
2925 4695 3070 4735 suae
3116 4674 3332 4734 aetatis
3362 4673 3690 4753 trigesimo,

242 4772 445 4831 ultimo
488 4773 744 4832 Neronis
791 4792 945 4833 anno
991 4775 1243 4834 Romam
1296 4776 1626 4852 profectus,
1684 4778 2029 4837 sacerdotes
2075 4777 2302 4854 aliquot
2354 4787 2731 4852 servaturus,
2788 4796 2936 4854 quos
2991 4787 3345 4855 procurator
3397 4777 3569 4835 Felix
3613 4794 3687 4834 eo

242 4874 513 4952 supplicii
566 4894 752 4934 causa
793 4876 1036 4934 miserat
1081 4877 1262 4958 (vita,
1307 4896 1553 4954 prooem
1603 4883 1650 4949 5.
1700 4878 1797 4950 3),
1863 4879 2120 4939 omnium
2184 4899 2377 4938 rerum
2443 4879 2944 4957 perturbationem
3002 4899 3075 4941 ac
3116 4880 3417 4940 labantem
3457 4876 3688 4953 imperii

243 4985 460 5035 statum
505 4978 624 5036 suis
670 4976 854 5036 oculis
920 4995 1120 5035 coram
1187 4978 1443 5050 viderat,
1510 4981 1945 5056 corruptionem
2008 4999 2266 5052 morum,
2333 4992 2828 5059 grassantemque
2871 4982 3174 5041 libidinum
3232 4980 3487 5041 omnium
3531 4979 3690 5037 luem

242 5080 478 5154 ingenio
548 5082 626 5138 ad
676 5080 1035 5139 Essenorum
1078 5082 1458 5139 severitatem
1501 5082 1869 5141 conformato
1913 5093 2284 5160 perceperat.
2376 5083 2622 5158 Quibus·
2658 5083 2940 5161 cognitis,
2992 5104 3111 5143 non
3155 5084 3390 5155 dubito,
3446 5082 3585 5158 quin
3628 5080 3689 5140 in

242 5195 481 5256 pectore
516 5181 766 5256 juvenili
813 5193 871 5241 et
912 5183 1144 5258 patriae
1191 5182 1606 5260 religionisque
1651 5202 1851 5242 amore
1896 5185 2188 5262 flagrante
2235 5204 2373 5262 spes
2426 5206 2543 5245 non
2613 5187 2804 5246 dicam
2870 5186 3098 5262 imperii
3144 5195 3205 5244 et
3248 5183 3689 5256 dominationis,
