4159 6300
2123 747 2214 813 11

442 981 642 1022 curam
687 980 917 1021 omnem
961 971 1023 1021 et
1065 962 1430 1039 diligentiam
1474 966 1778 1038 adhibere,
1836 976 1903 1025 ut
1943 965 2103 1042 regis
2146 966 2571 1042 supellectilem
2644 975 2939 1037 servaret,
2993 980 3398 1043 quaecumque
3453 985 3531 1025 ex
3572 975 3876 1042 raptorum

437 1065 707 1125 manibus
770 1064 1109 1140 recuperari
1173 1076 1451 1141 possent,
1517 1069 1878 1126 candelabra
1970 1085 2046 1125 ex
2112 1084 2251 1126 aere
2329 1066 2632 1127 Corinthio
2712 1085 2783 1126 ac
2837 1086 3073 1128 mensas
3127 1068 3424 1144 pretiosas
3476 1062 3579 1147 (ib.
3645 1073 3694 1138 5.
3747 1064 3872 1146 13).

438 1167 629 1229 Vides
670 1166 849 1243 igitur
890 1163 1219 1241 Josephum
1263 1167 1570 1226 tumultum
1612 1169 1766 1228 ultro
1812 1167 2074 1227 excitare
2131 1176 2191 1226 et
2250 1168 2634 1239 seditionem,
2688 1169 2896 1229 domus
2939 1169 3145 1246 regiae
3201 1168 3534 1228 incendium
3588 1168 3872 1239 suader03

439 1285 559 1344 quo
601 1265 794 1339 iacto,
859 1284 1036 1326 curae
1079 1266 1316 1325 serioris
1360 1269 1650 1328 calliditas
1708 1269 1945 1329 crimine
2004 1288 2141 1328 eum
2199 1287 2318 1328 non
2363 1270 2655 1341 absolvet,
2702 1270 2982 1346 quoniam
3024 1289 3134 1347 per
3191 1288 3326 1328 eam
3367 1269 3635 1329 favorem
3677 1270 3873 1347 regis,

440 1369 719 1446 quidquid
779 1368 1029 1445 posthac
1089 1367 1413 1441 accideret,
1478 1370 1589 1429 sibi
1651 1380 1879 1429 tantum
1942 1371 2170 1430 servari
2231 1369 2470 1445 cupivit.
2595 1370 2713 1447 Qui
2769 1370 2920 1430 enim
2983 1371 3112 1430 fieri
3177 1370 3398 1447 potuit,
3462 1379 3530 1430 ut
3604 1371 3772 1447 plebs
3832 1389 3874 1427 a

436 1470 740 1547 praefecto
792 1468 1135 1546 provinciae
1199 1470 1462 1528 excitata
1518 1480 1580 1529 et
1632 1472 1931 1549 religionis
1995 1480 2311 1548 praetextu
2375 1472 2453 1530 ad
2504 1471 2890 1548 diripiendum
2941 1472 3229 1548 palatium
3305 1482 3563 1532 evocata
3636 1490 3870 1532 cursum

433 1579 665 1630 teneret
708 1580 769 1629 et
811 1570 921 1630 sibi
973 1579 1332 1646 temperaret
1386 1572 1463 1630 ad
1514 1573 1878 1633 voluntatem
1921 1571 2212 1650 Josephi?
2299 1573 2509 1631 Potius
2564 1572 2911 1633 crediderim
2973 1582 3284 1650 acceptam
3347 1572 3527 1634 fuisse
3594 1571 3864 1650 Josepho

431 1671 587 1733 hanc
629 1671 818 1747 plebis
862 1672 1228 1743 violentiam
1276 1691 1348 1732 ac
1390 1674 1753 1748 propositum
1794 1693 1963 1735 suum
2005 1684 2371 1747 assecutum,
2414 1684 2538 1733 tum
2581 1673 2812 1733 demum
2856 1682 3051 1734 astute
3097 1675 3280 1735 etiam
3320 1693 3466 1735 suae
3509 1676 3686 1735 saluti
3731 1691 3867 1750 pro·

432 1773 720 1849 spexisse,
763 1792 967 1833 curam
991 1774 1224 1849 agendo
1245 1774 1451 1851 regiae
1472 1775 1869 1850 supellectilis.
1935 1775 2059 1837 Sed
2089 1777 2218 1852 quis
2263 1777 2465 1836 credet
2493 1776 2797 1835 Romanos
2838 1776 2990 1835 haec
3034 1794 3152 1835 non
3194 1777 3608 1851 perspexisse?
3652 1776 3869 1835 Nonne

432 1875 631 1951 palam
674 1883 785 1946 est,
827 1875 928 1950 qui
971 1874 1077 1933 tali
1118 1862 1364 1934 co’nsilio
1410 1877 1621 1952 egerit,
1666 1896 1798 1936 eum
1842 1879 2092 1953 posthac
2138 1878 2212 1936 de
2256 1896 2322 1937 se
2354 1878 2669 1936 veritatem
2698 1877 2895 1937 dicere
2926 1895 3044 1936 non
3073 1877 3385 1952 potuisse?
3432 1877 3625 1955 Quid?
3670 1896 3864 1937 nonne

434 1976 764 2047 confitetur,
807 1994 874 2035 se
916 1976 1200 2050 pecunias
1242 1978 1302 2035 in
1348 1974 1630 2037 Galilaea
1671 1980 1954 2038 collectas
1996 1978 2540 2055 Hierosolymitano
2582 1978 2857 2053 synedrio
2899 1979 3295 2039 transmisisse
3354 1979 3434 2037 ad
3474 1980 3691 2039 bellum
3733 1998 3863 2038 sus·

432 2076 814 2137 tentandum?
859 2076 946 2149 (in
970 2078 1115 2136 Vita
1155 2081 1207 2147 5.
1259 2079 1382 2151 15).
1470 2080 1564 2139 Ac
1598 2097 1773 2155 porro
1819 2082 2022 2139 urbem
2047 2078 2309 2141 Gamala
2348 2089 2512 2139 tram
2555 2077 2882 2139 Jordanem
2925 2080 3118 2152 sitam,
3162 2080 3220 2138 in
3264 2081 3407 2158 ipsis
3450 2080 3660 2139 finibus
3698 2081 3858 2157 reg-is

431 2181 767 2257 Agrippae,
809 2188 1020 2238 contra
1063 2180 1271 2239 ducem
1315 2180 1707 2255 Aequicolum
1759 2182 2026 2241 Modium
2085 2200 2124 2239 a
2184 2200 2329 2258 rege
2382 2182 2624 2240 missum
2665 2182 2929 2241 obtinere
2993 2182 3193 2241 studet
3255 2201 3368 2241 nec
3431 2201 3470 2241 a
3536 2182 3855 2258 pugnando

432 2290 642 2341 contra
704 2280 910 2356 copias
964 2280 1168 2357 regias
1222 2281 1506 2353 abstinet,
1562 2300 1716 2357 quae
1785 2300 1971 2358 usque
2037 2283 2116 2341 ad
2181 2284 2502 2343 adventum
2543 2284 2944 2343 Romanorum
3008 2284 3213 2343 urbem
3280 2291 3632 2342 servaturae
3685 2293 3857 2342 erant

431 2381 606 2459 (Vita
648 2386 696 2452 5.
743 2380 909 2465 24);‚
926 2390 991 2440 et
1026 2400 1105 2441 ex
1147 2400 1222 2441 ea
1262 2382 1535 2441 frumeuti
1580 2383 1849 2459 copiam,
1895 2404 2047 2460 quae
2092 2385 2336 2462 reginae
2381 2384 2719 2457 Berenices,
2776 2386 2977 2444 uxoris
3021 2384 3331 2461 Agrippae
3376 2394 3543 2457 erat,
3584 2386 3646 2443 in
3692 2382 3860 2444 Gali-

432 2483 628 2542 laeam
671 2483 749 2541 ad
791 2483 929 2543 belli
971 2502 1140 2543 usum
1182 2502 1384 2542 secum
1430 2483 1687 2543 abducit.
1774 2487 1867 2544 Ac
1911 2486 2189 2561 posthac,
2256 2486 2710 2562 ingravescente
2753 2485 2893 2545 belli
2935 2485 3163 2557 furore,
3219 2504 3396 2561 quum
3449 2486 3684 2545 incolae
3732 2484 3856 2545 Gra·

433 2584 721 2645 malorum
767 2603 806 2643 a
845 2603 988 2662 rege
1035 2593 1097 2643 et
1137 2585 1422 2645 Romanis
1469 2593 1675 2662 aperte
1720 2587 2072 2659 desciscunt,
2115 2588 2237 2646 suis
2280 2587 2486 2662 opibus
2530 2586 2798 2662 adjuvat,
2841 2587 3125 2648 Romanis
3169 2587 3472 2646 etiamtum
3524 2587 3863 2646 absentibus

436 2686 546 2762 (ib.
571 2687 618 2755 5.
645 2687 739 2747 37.
762 2690 812 2757 5.
835 2682 963 2766 43).
1011 2685 1385 2761 Quamquam
1409 2688 1531 2746 alia
1554 2706 1632 2746 ex
1652 2696 1819 2762 parte
1841 2706 2042 2747 rursus
2071 2707 2248 2765 quam
2275 2688 2562 2747 incertum
2585 2689 2840 2747 animum
2883 2698 2944 2747 et
2985 2689 3387 2761 fluctuantem,
3431 2707 3611 2765 quam
3635 2688 3859 2747 callidi-

430 2794 619 2845 tatem
661 2805 804 2862 prae
847 2806 913 2847 se
956 2786 1098 2846 fert!
1150 2788 1324 2847 Duos
1369 2789 1525 2848 enim
1552 2789 1858 2864 primores,
1899 2807 2107 2849 servos
2149 2789 2329 2866 regis,
2371 2789 2628 2848 furorem
2671 2788 2857 2865 plebis
2901 2789 3228 2866 fugientes,
3269 2789 3530 2866 benigne
3576 2800 3860 2863 exceptos

431 2896 654 2961 servat,
709 2889 922 2964 quippe
976 2889 1294 2965 aliquando
1345 2908 1454 2965 pro
1498 2909 1584 2961 se,
1644 2892 1695 2950 si
1740 2891 1933 2949 exitus
1977 2908 2150 2951 secus
2192 2890 2425 2949 iuturus
2469 2889 2573 2961 sit,
2614 2891 2916 2950 locuturos
2959 2891 3024 2966 (5
3088 2891 3190 2950 23.
3234 2892 3369 2964 31).
3457 2891 3644 2952 Simili
3683 2890 3860 2948 modo

436 3007 630 3064 quum,
671 2989 946 3049 Romano
986 2990 1168 3049 milite
1209 2991 1448 3049 tandem
1495 2992 2020 3068 appropinquante,
2064 2992 2493 3051 Tiberiensium
2538 2992 2958 3067 opulentiores,
3000 2992 3088 3050 rei
3129 2992 3403 3051 familiari
3443 2992 3720 3051 timentes
3741 3032 3759 3064 ,
3801 2991 3862 3048 in

436 3088 700 3150 iat-orem
751 3089 1061 3167 Agrippae
1134 3088 1383 3150 redituri·
1442 3100 1640 3151 essent
1682 3093 1857 3167 eique
1920 3102 1986 3150 ut
2049 3092 2126 3150 ad
2180 3109 2246 3151 se
2290 3092 2523 3150 veniret
2573 3093 2893 3168 urbemque
2945 3092 3238 3169 reciperet
3301 3093 3700 3169 scripsissent,
3749 3109 3866 3150 rex

434 3202 632 3252 autem
699 3192 853 3251 clam
916 3210 1026 3267 per
1071 3188 1341 3265 Crispum
1404 3191 1725 3263 Judaeum,
1787 3192 1889 3267 qui
1947 3192 2059 3268 ipsi
2122 3212 2162 3252 a
2216 3193 2485 3253 cubiculo
2545 3202 2695 3265 erat,
2747 3212 3038 3271 responsa
3098 3197 3395 3269 dedisset,
3442 3194 3683 3268 Crispus
3727 3211 3858 3252 cum

428 3294 614 3354 literis
656 3294 1002 3369 proditionis
1042 3293 1331 3353 indicibus
1375 3293 1451 3352 ab
1494 3293 1826 3371 agrestibus
1872 3292 2162 3354 Galilaeis
2204 3294 2587 3370 intercipitur.
2675 3293 2866 3369 Quem
2907 3294 3205 3373 Josephus
3250 3316 3428 3375 quum
3469 3314 3578 3372 per
3599 3295 3882 3369 speciem.

428 3396 637 3456 vinciri
672 3394 951 3469 jussisset
992 3403 1055 3454 et
1092 3394 1157 3453 in
1200 3395 1529 3454 custodiam
1568 3395 1679 3454 sibi
1720 3396 1894 3468 tradi,
1938 3414 2055 3455 non
2097 3397 2293 3456 multis
2335 3407 2472 3473 post
2514 3397 2738 3467 diebus,
2778 3396 3068 3459 inebriato
3109 3400 3313 3472 milite,
3357 3398 3458 3476 qui
3498 3416 3632 3456 eum
3662 3405 3860 3455 custo·

431 3499 652 3570 diebat,
696 3497 956 3558 evadere
997 3496 1223 3573 patitur
1264 3507 1326 3555 et
1371 3495 1681 3557 Galilaeos
1726 3515 1764 3556 a
1810 3496 1956 3574 iuga
1996 3508 2357 3558 retracturos
2402 3499 2549 3558 scite
2591 3498 2880 3572 prohibet.

638 3599 797 3660 Urbs
842 3606 1041 3657 autem
1083 3597 1434 3675 Sepphoris,
1500 3599 1562 3658 in
1604 3598 1803 3659 media
1846 3596 2127 3659 Galilaea
2180 3600 2325 3670 sita,
2379 3609 2516 3675 post
2558 3600 2936 3660 Tiberiadem
2978 3598 3265 3672 maxima,
3309 3600 3646 3672 Romanos,
3702 3599 3854 3658 duce

433 3699 637 3762 Cestio
702 3698 916 3770 Gallo,
986 3700 1065 3760 ad
1127 3718 1195 3759 se
1259 3708 1536 3772 vocarat,
1601 3711 1667 3759 ut
1729 3701 2042 3762 seditiosos
2107 3701 2268 3761 cives
2334 3700 2766 3776 comprimeret.
2863 3700 2998 3777 Quo
3066 3701 3297 3774 audito,
3359 3698 3659 3778 Josephus
3726 3718 3860 3759 cum

430 3801 752 3880 agrestium
793 3820 1003 3874 manu,
1067 3801 1408 3878 priusquam
1462 3802 1769 3862 Romanus
1812 3802 1978 3861 miles
2019 3802 2222 3861 venire
2281 3812 2548 3879 poterat,
2610 3802 2688 3860 ad
2739 3801 2943 3864 urbem
2999 3801 3252 3861 accessit
3304 3820 3554 3879 eamque
3597 3803 3659 3860 vi
3702 3802 3860 3875 cepit

429 3904 608 3978 (Vita
647 3908 695 3975 5.
741 3903 864 3977 65)
928 3922 1120 3979 neque
1175 3903 1362 3962 multo
1426 3903 1660 3978 culpam
1719 3904 1968 3963 reddere
2033 3904 2315 3964 leviorem
2381 3903 2624 3979 poterit,
2687 3900 2847 3978 quod
2890 3901 3176 3980 gloriatur
3224 3922 3291 3963 se
3353 3904 3566 3963 milites
3630 3920 3772 3962 suos
3819 3920 3858 3959 a

431 4004 759 4081 direptione
802 4006 960 4065 urbis
1005 4006 1284 4066 arcuisse.

637 4106 837 4165 Rebus
892 4108 1073 4184 igitur
1134 4107 1240 4165 tali
1304 4105 1481 4164 modo
1538 4106 1752 4182 gestis,
1809 4106 1938 4182 quis
1983 4116 2102 4178 est,
2157 4109 2256 4183 qui
2299 4107 2557 4178 miretur,
2600 4106 2889 4175 Judaeos,
2933 4106 3188 4165 maxime
3230 4106 3482 4165 rusticos
3528 4102 3848 4166 Galilaeae

426 4206 721 4279 homines,
775 4208 1008 4284 patriae
1062 4208 1291 4266 sincere
1344 4207 1641 4280 addictos,
1705 4208 1956 4268 incultos
2000 4218 2061 4267 et
2105 4220 2404 4286 agrestes,
2456 4227 2567 4267 nec
2610 4206 2866 4266 scientes
2907 4206 3172 4283 vulgaris
3214 4205 3561 4283 prudentiae
3606 4206 3855 4265 consilia

429 4318 607 4383 atque
647 4309 1031 4369 calliditatem
1072 4309 1369 4368 hominum
1411 4310 1471 4368 in
1511 4310 1818 4385 republica
1861 4310 2223 4369 versantium
2267 4328 2621 4387 componere
2665 4326 2797 4366 cum
2847 4306 3095 4384 simplici
3149 4307 3449 4385 religionis
3501 4306 3852 4383 patriaeque

426 4428 657 4482 amore,
700 4409 1045 4487 saepissime
1089 4408 1379 4487 Josepho,
1435 4410 1565 4485 ipso
1619 4418 1803 4480 teste,
1849 4408 2073 4470 diffisos
2119 4410 2290 4470 esse?
2354 4410 2568 4486 Neque
2611 4409 2800 4469 miuus
2843 4409 3021 4467 etiam
3066 4407 3257 4467 altera
3301 4426 3379 4467 ex
3420 4416 3593 4484 parte
3639 4408 3848 4467 Phari-

425 4528 699 4570 saeorum
741 4510 924 4571 factio
947 4511 1373 4571 violentissima
1395 4521 1456 4571 et
1479 4512 1760 4587 antiquae
1804 4513 2152 4589 prosapiae,
2195 4512 2292 4588 qui
2340 4511 2749 4570 ardentissimo
2770 4510 3074 4587 religionis
3118 4510 3250 4568 zelo
3293 4510 3636 4586 flagrabant
3660 4509 3850 4584 (zelo-

423 4620 526 4672 tae
547 4620 791 4689 propter
831 4613 945 4672 hoc
980 4612 1170 4689 ipsum
1199 4614 1370 4684 dicti)
1413 4632 1524 4673 nec
1576 4613 1895 4689 quidquam
1925 4614 2219 4690 antiquius
2273 4615 2589 4680 habebant,
2633 4630 2816 4687 quam
2858 4622 2925 4670 ut
2952 4611 3327 4688 peregrinam
3354 4609 3854 4687 superstitionem,

424 4713 558 4773 inde
613 4714 691 4773 ab
732 4714 978 4774 Herode
1020 4734 1165 4794 rege
1219 4726 1281 4776 et
1328 4715 1767 4775 successoribus
1812 4714 1942 4789 ejus
1992 4715 2051 4774 in
2116 4714 2386 4775 «Iudaeos
2428 4714 2505 4773 ad
2545 4711 2892 4773 firmandum
2935 4712 3243 4788 imperium
3283 4711 3654 4780 translatam,
3703 4730 3851 4787 quo·

428 4833 677 4892 cumque
738 4816 917 4876 modo
981 4835 1017 4875 e
1062 4817 1255 4877 medio
1297 4817 1594 4888 tollerent,
1660 4834 1840 4892 quum
1902 4818 2288 4878 fluctuantem
2332 4816 2526 4876 animo
2583 4832 2767 4891 saepe
2821 4813 3124 4886 vidissent,
3188 4832 3324 4873 eum
3365 4831 3572 4890 parum
3617 4815 3850 4873 sincere

423 4917 641 4978 bellum
691 4926 903 4978 contra
951 4918 1254 4978 Romanos
1308 4937 1519 4991 gerere
1576 4918 1947 4978 crediderunt
2004 4929 2066 4978 et
2118 4936 2431 4996 perperam
2485 4914 2896 4976 administrare
2939 4915 3322 5005 ‘provinciam
3367 4914 3422 4974 ei
3463 4915 3742 4975 traditam
3786 4925 3849 4974 et

426 5018 581 5078 olam
623 5028 683 5080 et
727 5019 929 5096 palam
973 5019 1338 5080 dictitabant.
1423 5019 1599 5081 Unde
1643 5018 1864 5079 iactum
1907 5029 2020 5093 est,
2062 5029 2128 5079 ut
2172 5020 2299 5096 ipse
2341 5019 2556 5095 ubique
2597 5018 2754 5076 hanc
2797 5016 3252 5077 Pharisaeorum
3281 5025 3510 5092 partem
3539 5016 3848 5076 debilitare

431 5128 495 5178 et
536 5138 813 5180 amovere
857 5129 1204 5194 conaretur,
1244 5138 1667 5197 nonnunquam
1709 5121 1768 5179 vi
1796 5122 2036 5198 saepius
2082 5121 2251 5193 dolo,
2293 5121 2355 5179 id
2403 5120 2561 5195 quod
2602 5118 2926 5195 majoribus
2971 5119 3184 5178 saltem
3226 5119 3285 5179 in
3339 5119 3601 5196 oppidis,
3676 5118 3856 5177 Tibe·

431 5219 631 5294 riade,
674 5220 1002 5299 Sepphori,
1047 5231 1316 5299 optatum
1359 5233 1638 5283 eventum
1678 5222 1883 5282 habuit
1925 5223 2102 5298 (Vita
2141 5226 2225 5294 55.
2272 5222 2329 5280 6.
2376 5220 2475 5279 60.
2524 5220 2651 5295 62).
2736 5221 2953 5281 Nonne
2981 5220 3163 5297 igitur
3181 5239 3428 5282 neeesse
3452 5231 3599 5293 erat,
3647 5239 3847 5280 eorum

3345 5325 3381 5382 2
3407 5321 3443 5354 fl
