4159 6300
1723 1849 1879 1920 ne
1944 1848 2138 1920 mle
2197 1834 2620 1941 loseph}

468 2036 554 2087 et·
574 2027 924 2086 auctoritate
968 2026 1019 2085 si
1064 2025 1191 2100 quis
1234 2034 1396 2083 recte
1442 2025 1582 2083 velit
1640 2043 1710 2082 ac
1764 2025 2025 2101 perfecte
2058 2025 2362 2101 judicare,
2427 2047 2604 2104 quum
2657 2048 2899 2088 necesse
2952 2030 3030 2088 sit
3069 2032 3270 2091 solerti
3324 2052 3468 2092 cura
3512 2037 3867 2111 perquirere,

468 2130 645 2206 quale
671 2114 989 2204 ¹scriptoris
1055 2128 1234 2204 ipsius
1276 2125 1452 2184 fuerit
1516 2124 1845 2202 ingenium,
1899 2128 2205 2199 voluntas,
2269 2129 2606 2205 integritas,
2669 2131 2768 2188 vel
2811 2131 3016 2206 quibus
3060 2150 3137 2189 ex
3175 2132 3431 2193 fontibus
3475 2144 3536 2195 et
3580 2155 3697 2212 qua
3739 2138 3866 2198 dili-

465 2232 670 2309 gentia
711 2229 1072 2307 singularum
1128 2247 1324 2287 rerum
1367 2226 1763 2303 cognitionem
1805 2230 2097 2302 hauserit,
2141 2239 2264 2288 tum
2309 2248 2451 2288 vero
2496 2230 2747 2289 maxime
2793 2232 2936 2290 illud
2978 2234 3368 2310 spectandum
3406 2235 3545 2309 erit,
3609 2237 3670 2297 in
3712 2256 3865 2315 quae

469 2341 739 2409 tempora
791 2332 918 2389 vita
958 2330 1085 2407 ejus
1136 2329 1406 2389 inciderit
1469 2337 1529 2386 et
1584 2329 1792 2404 quibus
1837 2330 2092 2389 consiliis
2148 2331 2355 2390 ductus
2421 2331 2497 2388 ad
2549 2332 2917 2391 scribendum
2973 2335 3304 2394 accesserit.
3391 2337 3490 2396 Ad
3544 2356 3696 2413 quae
3747 2357 3868 2399 non

466 2435 612 2492 satis
689 2441 969 2492 accurate
1046 2432 1367 2492 attendisse
1441 2437 1644 2504 putem
1716 2431 1903 2488 virum
1979 2441 2184 2491 cetera
2246 2432 2643 2490 doctissimum
2720 2451 2792 2491 ac
2867 2435 2941 2491 de
3012 2433 3101 2493 his
3165 2435 3347 2494 literis
3419 2439 3867 2517 meritissimum,

473 2533 551 2605 J„
591 2536 666 2593 A.
724 2535 1059 2612 Ernesti,
1124 2535 1183 2591 in
1247 2531 1759 2590 exercitationibus
1822 2530 2125 2592 Flavianis
2190 2550 2344 2590 anno
2416 2533 2573 2592 1776
2647 2533 2877 2611 scriptis
2949 2535 3087 2611 (op.
3148 2535 3524 2611 philol.-crit.
3583 2541 3719 2601 edit.
3786 2542 3872 2605 11.

474 2654 532 2712 p.
580 2635 702 2693 363
747 2635 941 2710 sqq),
980 2635 1080 2712 qui
1124 2634 1429 2711 angustius
1471 2632 1617 2690 fines
1672 2634 2120 2709 argumentandi
2177 2633 2730 2707 circumscribendo,
2795 2635 2838 2694 J
2841 2635 3122 2710 osephum
3177 2637 3392 2712 ubique
3435 2647 3497 2698 et
3537 2659 3769 2720 semper
3809 2643 3870 2702 in

474 2737 648 2795 rebus
689 2734 1051 2796 «ludaeorum
1105 2736 1445 2794 enarrandis
1498 2734 1638 2792 nihil
1698 2735 1858 2792 aliud
1907 2753 2080 2810 quam
2125 2752 2428 2793 sacrorum
2479 2735 2755 2793 librorum
2796 2735 3052 2812 vestigia
3093 2735 3233 2795 data
3274 2756 3461 2815 opera
3498 2752 3873 2817 persecutum

468 2836 649 2896 fuisse
695 2848 773 2909 et,
820 2857 996 2914 quum
1040 2845 1375 2914 appareret,
1419 2835 1603 2894 multa
1647 2853 1777 2892 esse
1822 2836 1880 2893 in
1923 2832 2212 2911 Josepho,
2257 2854 2410 2911 quae
2457 2836 2531 2894 ab
2574 2835 2804 2894 illorum
2835 2836 3111 2897 librorum
3154 2850 3500 2913 argumento
3544 2852 3605 2902 et
3646 2864 3875 2904 summa

470 2938 805 3015 longissime
829 2939 1229 3011 discederent,
1271 2939 1457 2997 multo
1500 2937 1697 3012 plures
1718 2935 1823 2993 illa
1865 2944 2099 3006 aetate,
2144 2955 2318 3011 quam
2360 2935 2420 2993 in
2462 2944 2665 2995 nostro
2707 2937 3032 3011 scripturae
3076 2955 3282 2996 sacrae
3327 2941 3650 3018 volumine,
3693 2947 3872 3005 libros

474 3035 900 3105 θεοπνεύστους
942 3039 1235 3098 exstitisse
1280 3037 1606 3096 affimavit.
1707 3035 1879 3110 Quae
1935 3035 2168 3111 quidem
2220 3036 2414 3093 multis
2469 3054 2546 3092 ex
2596 3037 2862 3112 partibus
2911 3056 3223 3114 perperam
3276 3059 3408 3099 esse
3453 3041 3722 3117 judicata
3772 3045 3875 3104 vix

472 3149 563 3199 est
605 3142 763 3217 quod
804 3140 983 3200 hodie
1023 3140 1208 3200 fusius
1252 3159 1575 3217 exponam,
1633 3156 1808 3214 quum
1844 3136 1974 3212 jam
2015 3135 2399 3197 Schlosser
2452 3137 2613 3210 (hist.
2659 3137 2923 3213 antiquit.
2966 3139 3112 3212 111.‚
3167 3139 3238 3211 2,
3282 3159 3339 3218 p.
3402 3143 3518 3202 178
3561 3145 3676 3221 sq.)
3718 3148 3873 3206 hunc

470 3261 728 3302 errorem
770 3243 896 3302 sine
942 3242 1201 3302 auctoris
1245 3242 1480 3317 quidem
1522 3238 1816 3297 mentione
1865 3249 2093 3316 tangat.
2179 3239 2392 3314 Neque
2433 3247 2631 3296 tamen
2675 3257 2915 3315 possum
2967 3259 3084 3298 non
3126 3241 3353 3315 mirari,
3409 3245 3566 3319 quod
3615 3246 3751 3305 inde
3796 3248 3873 3306 ab

466 3343 703 3403 Ernesti
748 3352 965 3417 aetate,
1007 3352 1174 3402 tanto
1218 3343 1501 3420 temporis
1543 3340 1876 3412 intervallo,
1921 3350 2161 3417 praeter
2204 3339 2641 3399 celeberrimum
2682 3337 2818 3398 Jost
2870 3336 3037 3420 (hist.
3079 3341 3351 3402 Iudaeor.
3395 3344 3504 3419 IL,
3545 3347 3606 3405 in
3649 3366 3873 3424 appen-

466 3446 597 3505 dice
639 3465 700 3522 p.
748 3445 973 3505 55—7
980 3443 1075 3527 3),
1144 3446 1243 3521 qui
1304 3464 1423 3503 non
1487 3444 1613 3502 sine
1676 3441 1870 3500 studio
1935 3451 1996 3500 et
2058 3442 2151 3500 ira
2193 3442 2426 3519 scripsit
2491 3449 2551 3499 et
2612 3459 3048 3516 nonnumquam
3090 3443 3258 3517 quasi
3317 3463 3424 3522 pro
3465 3447 3581 3504 aris
3625 3456 3686 3506 et
3725 3446 3873 3507 focis

464 3548 776 3625 pugnavit,
804 3545 865 3629 1)
908 3558 968 3606 et
1011 3547 1392 3607 clarissimum
1440 3544 1510 3606 C.
1553 3545 1634 3602 de
1678 3543 1989 3602 Raumer
2032 3543 2404 3619 (Palaestina
2451 3564 2507 3619 p.
2532 3541 2706 3616 430),
2750 3542 2849 3617 qui
2885 3543 3037 3601 banc
3078 3562 3318 3605 causam
3363 3567 3437 3605 ex
3478 3565 3586 3607 suo
3630 3547 3871 3606 consilio

468 3649 701 3708 nonnisi
743 3649 1100 3708 transeundo
1143 3631 1455 3719 tractavit,
1519 3663 1691 3704 nemo
1733 3642 1858 3703 iere
1921 3644 2193 3704 inventus
2236 3646 2341 3717 sit,
2408 3645 2507 3720 qui
2558 3645 2672 3703 hoc
2736 3643 2809 3701 de
2863 3644 2906 3703 J
2908 3645 3130 3720 osepho
3175 3646 3508 3724 disputandi
3548 3667 3754 3708 munus
3797 3667 3875 3707 ex

467 3750 737 3827 professo
779 3749 1108 3825 susceperit
1152 3757 1214 3806 et
1254 3749 1408 3806 hanc
1452 3746 1525 3804 de
1568 3747 1684 3804 fide
1730 3745 1859 3820 ejus
1882 3746 2289 3821 quaestionem
2328 3746 2659 3806 accuratius
2705 3745 3063 3823 exposuerit,
3107 3764 3282 3821 quum
3308 3750 3540 3809 omnino
3586 3750 3875 3809 assentiar

465 3852 682 3911 Bicht
703 3870 831 3910 ero
875 3851 973 3928 (in
1037 3849 1224 3926 praef.
1272 3848 1541 3908 editionis
1583 3847 1624 3907 J
1629 3845 1866 3923 osepbi)
1929 3845 2176 3920 dicenti,
2237 3849 2390 3906 hunc
2433 3848 2778 3922 scriptorem
2823 3856 2961 3905 ante
3012 3847 3227 3905 multos
3282 3849 3519 3926 dignum
3561 3869 3712 3922 esse,
3775 3849 3877 3926 qui

467 3953 881 4030 theologorum
923 3970 1041 4012 non
1084 3951 1272 4008 minus
1317 3968 1494 4026 quam
1561 3948 1969 4006 historicorum
2035 3967 2282 4024 operam
2346 3957 2641 4007 exerceat.
2726 3948 2901 4008 Unde
2947 3948 3187 4021 accidit,
3252 3957 3318 4007 ut
3369 3970 3443 4009 ne
3495 3970 3570 4010 ea
3622 3951 3875 4028 quidem,

470 4073 627 4130 quae
670 4053 961 4129 majorum
1005 4062 1336 4111 nostrorum
1378 4051 1692 4121 memoria,
1749 4048 1991 4124 antiqua
2046 4050 2153 4108 illa
2212 4052 2515 4118 doctorum
2559 4051 2815 4108 virorum
2872 4050 3159 4109 industria
3205 4059 3266 4109 et
3308 4052 3640 4128 diligentia,
3682 4054 3876 4111 multis

469 4156 677 4214 abhinc
725 4157 891 4214 annis
943 4163 1112 4213 eruta
1154 4153 1370 4211 fuerint
1413 4162 1475 4210 et
1517 4152 1789 4222 collecta,
1832 4168 2017 4225 usque
2062 4151 2141 4209 ad
2187 4151 2340 4210 hunc
2383 4152 2573 4226 ipsum
2617 4152 2771 4210 diem
2811 4149 3116 4226 divulgata
3159 4171 3230 4210 ac
3274 4153 3488 4229 publici
3523 4153 3672 4228 juris
3713 4154 3878 4214 iacta

467 4257 603 4319 sint.
691 4256 849 4316 Olim
895 4255 1047 4314 enim
1094 4265 1233 4312 ante
1276 4254 1428 4311 baec
1474 4252 1588 4309 tria
1630 4251 1753 4310 fere
1796 4252 1984 4310 lustra
2025 4251 2296 4327 equidem
2336 4271 2454 4311 non
2497 4254 2622 4312 sine
2665 4271 2893 4311 summa
2935 4252 3111 4310 animi
3154 4254 3547 4313 oblectatione
3591 4255 3728 4328 vidi,
3769 4256 3877 4315 sed

470 4358 614 4415 nihil
659 4359 820 4416 aliud
864 4375 1043 4433 quam
1085 4354 1205 4412 vidi
1262 4364 1323 4412 et
1367 4353 1566 4429 attigi,
1618 4353 1818 4412 Turici
1868 4353 2277 4412 Helvetiorum
2296 4396 2312 4424 ,
2373 4354 2434 4412 in
2475 4354 2830 4413 bibliotheca
2871 4354 3028 4412 urbis
3070 4354 3583 4416 scientissimorum
3622 4356 3877 4416 virorum

466 4460 644 4536 copia
684 4459 964 4535 imprimis
1006 4474 1241 4531 semper
1285 4456 1671 4531 conspicuae,
1730 4454 1885 4512 ultra
1934 4454 2170 4513 biduum
2212 4454 2290 4513 ibi
2344 4473 2464 4538 non
2503 4466 2792 4528 moratus,
2848 4456 3096 4533 grandia
3139 4457 3338 4532 aliqua
3377 4456 3704 4528 volumina,
3744 4458 3878 4534 ipsa

468 4579 647 4619 manu
714 4559 1035 4619 doctissimi
1097 4555 1153 4618 J.
1198 4557 1269 4615 B.
1318 4556 1465 4616 Ottii
1530 4555 1783 4633 scripta,
1845 4556 2019 4615 lexici
2085 4556 2359 4615 Flaviani
2423 4557 2776 4629 rudimenta,
2842 4575 2919 4615 ex
2973 4557 3181 4632 quibus
3222 4558 3406 4617 multa
3449 4559 3754 4616 commoda
3799 4559 3876 4617 ad

463 4661 766 4738 scriptoris
810 4660 1264 4737 explicationem
1306 4658 1708 4717 redundatura
1759 4656 1939 4715 fuisse
1986 4658 2339 4733 putaverim3
2373 4676 2539 4734 ,quae
2581 4656 2742 4730 iore,
2800 4667 2866 4715 ut
2906 4658 3141 4733 publico
3193 4659 3322 4719 usui
3365 4658 3736 4717 traderentur
3778 4660 3876 4718 vel

465 4764 678 4822 saltem
723 4781 798 4821 ex
840 4772 1010 4839 parte
1056 4763 1134 4821 ad
1177 4760 1612 4839 explanandum
1654 4758 2025 4836 scriptorem'
2044 4760 2456 4818 adhiberentur
2499 4778 2538 4816 a
2579 4777 2874 4834 quoquam
2925 4757 3099 4835 hujus
3149 4761 3291 4819 artis
3334 4760 3524 4837 perito
3569 4779 3754 4836 usque
3797 4760 3876 4818 ad

682 5011 742 5096 1)
789 5017 975 5076 Velut
1016 5036 1075 5094 p.
1106 5017 1207 5089 IL,
1253 5035 1311 5092 p.
1342 5016 1493 5086 123,
1534 5015 1633 5073 ubi
1676 5013 1817 5074 Jost
1860 5013 2295 5088 „Judaeorum‚
2338 5013 2549 5090 inquit,
2593 5014 2777 5074 virtus
2814 5024 2984 5075 tanta
3025 5015 3268 5088 exstitit,
3308 5023 3431 5074 tam
3473 5015 3772 5092 impavida
3814 5023 3878 5073 et

474 5099 893 5176 „inconcussa,
937 5113 1001 5162 ut
1042 5103 1103 5162 in
1146 5102 1302 5161 bello
1357 5109 1565 5162 contra
1605 5102 1906 5160 Romanos
1958 5100 2220 5177 gerendo
2278 5100 2404 5159 sine
2452 5099 2634 5158 dubio
2684 5099 2954 5160 Graecos
3004 5098 3136 5158 illos
3179 5110 3389 5160 contra
3427 5099 3874 5159 innumerabiles

473 5185 825 5255 „Persarum
871 5189 1165 5248 exercitus
1209 5187 1555 5247 dimicantes
1601 5195 2005 5260 exaequarent
2048 5195 2109 5246 et
2149 5185 2531 5245 revivisceret
2570 5186 3000 5260 quodammodo
3045 5203 3117 5242 ac
3157 5186 3607 5246 resuscitaretur
3646 5203 3875 5262 pugna·

470 5288 636 5343 „rum
680 5273 839 5349 apud
880 5273 1330 5350 Thermopylas,
1372 5272 1804 5344 Marathonem,
1844 5272 2133 5331 Plataeas
2176 5270 2367 5347 gloria
2407 5271 2746 5330 immortalis
2791 5290 2863 5331 ac
2906 5271 3146 5330 decus.“
3192 5302 3278 5315 —-
3332 5271 3502 5347 Quae
3549 5288 3758 5329 vereor
3797 5289 3874 5328 ne

466 5356 797 5435 elegantius
840 5377 1018 5434 quam
1060 5359 1255 5418 verius
1299 5358 1460 5417 dicta
1500 5358 1633 5415 sint.

3361 5443 3389 5499 l
3419 5438 3455 5471 fl
