4159 6300
476 960 541 1008 at
580 949 867 1009 libertatis
910 950 1144 1025 patriae
1190 951 1438 1011 excitari
1482 949 1684 1025 utique
1731 967 1802 1007 ac
1846 951 2005 1010 laete
2050 953 2219 1028 quasi
2263 952 2551 1028 pullulare
2597 951 2871 1028 potuerit.
2958 952 3128 1011 Idem
3172 953 3472 1026 evenisse,
3514 955 3710 1014 Roma
3750 955 3901 1029 visa,

473 1050 687 1109 scimus
730 1051 859 1109 viro
902 1050 983 1109 illi
1025 1051 1371 1113 immortalis
1414 1051 1766 1124 memoriae,
1808 1051 2072 1112 Luthero
2113 1062 2340 1112 nostro.

683 1151 958 1228 Denique
1001 1165 1205 1214 notum
1246 1165 1372 1226 est,
1435 1152 1910 1230 desperationem
1966 1173 2037 1213 ac
2094 1155 2556 1214 minitabundum
2608 1154 2866 1214 civitatis
2909 1154 3326 1232 religionisque
3369 1155 3696 1227 interitum,
3751 1166 3902 1214 tam·

472 1268 650 1327 quam
694 1252 954 1311 ultimum
1017 1254 1320 1332 refugium.
1372 1273 1537 1332 spem
1585 1264 1648 1314 et
1692 1254 2198 1328 exspectationem
2249 1256 2432 1332 vulgo
2488 1256 2646 1331 apud
2702 1254 2969 1314 Judaeos
3021 1255 3255 1315 auxisse
3311 1266 3373 1315 et
3423 1273 3786 1331 provocasse
3830 1257 3906 1316 de

471 1352 698 1413 Messia
729 1353 981 1430 jamjam
1025 1366 1295 1430 venturo,
1340 1368 1404 1417 et
1445 1358 1599 1416 inter
1642 1363 1899 1432 gentem,
1943 1373 2098 1430 quae
2140 1357 2414 1416 divinitus
2457 1357 2678 1415 numini
2720 1374 2996 1432 supremo
3040 1356 3281 1416 addicta
3321 1356 3560 1432 suisset,
3602 1358 3903 1419 nascituro

473 1451 691 1533 (Tacit.
733 1454 868 1514 hist.
913 1458 1020 1529 V.‚
1069 1460 1163 1520 13.
1253 1459 1499 1520 Suetou.
1546 1459 1801 1531 Vespas.
1845 1474 1894 1515 c.
1942 1453 2007 1534 4)
2053 1458 2225 1532 eique
2267 1476 2552 1516 summum
2608 1458 2763 1517 orbis
2813 1468 3100 1516 terrarum
3153 1457 3455 1533 imperium
3499 1459 3902 1519 conciliaturo.

468 1555 673 1630 Ipsum
716 1556 1078 1617 salvatorem
1122 1560 1361 1619 humani
1403 1558 1667 1638 generis,
1720 1574 1840 1616 non
1881 1558 2078 1616 multis
2124 1570 2263 1618 ante
2308 1559 2476 1618 annis
2521 1578 2596 1617 ex
2634 1577 2704 1617 se
2745 1558 2886 1634 ipsis
2931 1570 2992 1617 et
3032 1560 3186 1618 inter
3227 1560 3388 1635 ipsos
3442 1570 3900 1638 comparentem,

470 1656 746 1717 divinitus
788 1659 898 1717 sibi
940 1660 1182 1719 missum
1224 1679 1343 1721 non
1373 1667 1800 1738 cognoverant,
1843 1659 1983 1732 quia
2022 1660 2271 1736 simplex
2315 1662 2541 1720 candor
2583 1661 2893 1718 verborum
2937 1659 3065 1735 ejus
3109 1679 3255 1737 opes
3300 1674 3362 1721 et
3397 1663 3702 1738 imperium
3744 1662 3901 1722 orbis

468 1767 756 1818 terrarum
799 1760 1032 1820 silentio
1077 1771 1181 1820 aut
1224 1771 1524 1822 contemtu
1578 1759 1998 1835 praeterierat,
2053 1762 2186 1820 sola
2239 1762 2566 1819 animarum
2622 1762 2814 1821 salute
2869 1762 3177 1835 nunciata,
3232 1782 3380 1838 quas
3435 1765 3515 1824 ad
3565 1782 3902 1840 supremum

466 1879 680 1919 numen
723 1880 835 1920 sua
876 1880 943 1921 se
988 1879 1101 1938 ope
1148 1874 1325 1937 atque
1370 1862 1641 1922 efficacia
1678 1862 2058 1921 reducturum
2103 1881 2236 1922 esse
2279 1863 2607 1924 certissimo
2633 1864 2795 1922 vitae
2845 1863 3163 1939 mortisque
3208 1865 3457 1944 pignore
3500 1865 3898 1941 promittebat.

396 2034 401 2041 ο
468 1960 591 2022 Sed
642 1962 778 2021 huic
831 1962 905 2021 de
959 1963 1188 2022 Messia
1245 1982 1382 2022 mox
1439 1973 1690 2022 venturo
1736 1963 1994 2039 opinioni
2051 1982 2232 2039 quum
2274 1962 2605 2041 Josephum
2648 1965 3061 2041 principesque
3121 1967 3250 2042 ejus
3297 1968 3518 2027 aetatis
3572 1967 3732 2027 viros
3776 1975 3901 2027 tum

468 2063 748 2139 temporis
790 2064 964 2122 fidem
1010 2064 1287 2123 habuisse
1332 2083 1451 2123 non
1495 2075 1720 2141 putem,
1765 2076 1963 2123 tamen
2007 2066 2170 2142 genti
2215 2067 2628 2125 Hebraeorum
2674 2067 2760 2124 ita
2803 2066 2912 2124 fuit
2947 2065 3078 2141 jam
3122 2068 3221 2126 diu
3263 2070 3462 2142 insita,
3518 2080 3584 2129 ut
3625 2070 3685 2128 in
3727 2069 3902 2129 simili

432 2148 660 2235 clade,
714 2184 889 2240 quum
949 2167 1023 2224 ab
1066 2167 1335 2243 Aegypti
1392 2168 1631 2244 regibus
1688 2167 2190 2243 opprimerentur,
2244 2168 2374 2244 ipse
2440 2169 2695 2244 scriptor
2752 2168 2811 2226 in
2855 2168 3186 2244 primordiis
3231 2171 3489 2230 civitatis
3550 2172 3899 2230 enarrandis

470 2264 577 2346 (de
623 2267 915 2342 antiquitt.
961 2265 1120 2327 hebr.
1167 2268 1252 2339 11,
1296 2286 1429 2344 cap.
1478 2269 1517 2327 9
1564 2273 1614 2339 ς.
1663 2265 1740 2346 2)
1786 2280 1994 2326 contra
2038 2268 2345 2328 bibliorum
2390 2286 2692 2328 sacrorum
2732 2270 3167 2343 auctoritatem,
3210 2291 3366 2348 quae
3409 2273 3558 2332 tanti
3581 2291 3649 2331 se
3693 2271 3895 2332 iacere

465 2368 941 2444 pedetentimque
984 2378 1323 2428 secuturum
1369 2389 1501 2429 esse
1546 2369 1813 2440 dictitat,
1878 2369 2012 2428 ideo
2057 2388 2233 2447 reges
2275 2371 2410 2429 illos
2477 2388 2670 2447 genus
2726 2370 3142 2431 Hebraeorum
3194 2374 3551 2433 exstinctum
3604 2373 3899 2450 cupivisse

464 2469 756 2541 retulerit,
823 2471 1103 2544 quoniam
1159 2490 1193 2528 e
1246 2490 1552 2531 sacrorum
1607 2472 1811 2531 scribis
1878 2472 2114 2546 quidam
2134 2473 2197 2544 1)
2275 2472 2578 2530 Pharaoni
2656 2472 3032 2545 nunciasset,
3096 2476 3457 2534 nasciturum
3510 2475 3612 2534 illo
3668 2475 3900 2535 circiter

464 2584 730 2648 tempore
793 2590 1068 2649 puerum,
1137 2573 1236 2648 qui
1310 2575 1746 2650 Aegyptiorum
1809 2573 2170 2631 dominatum
2237 2573 2414 2631 valde
2484 2573 2873 2649 deprimeret,
2948 2575 3255 2634 Israelitas
3331 2593 3476 2635 vero
3564 2576 3899 2651 extolleret,

464 2673 659 2752 gloria
706 2694 813 2751 per
857 2693 1029 2733 omne
1072 2693 1288 2734 aevum
1345 2674 1782 2734 celeberrimum
1838 2673 2123 2748 futurum3
2177 2693 2381 2752 regem
2426 2684 2624 2734 autem
2667 2675 3043 2751 perterritum
3086 2677 3200 2735 hoc
3257 2676 3535 2736 vaticinio
3576 2678 3897 2737 mandasse

464 2785 531 2834 ut
573 2775 849 2851 quidquid
879 2786 1227 2836 nasceretur
1275 2777 1472 2852 stirpis
1517 2775 1719 2848 virilis,
1763 2776 2043 2853 deinceps
2088 2777 2535 2837 interimeretur.
2625 2775 2819 2851 Quam
2839 2776 3129 2849 fabulam,
3173 2776 3343 2853 cujus
3384 2778 3445 2837 in
3486 2787 3691 2837 vetere
3714 2788 3897 2839 testa·

458 2886 660 2937 mento
702 2878 949 2953 (exodo,
993 2896 1127 2954 cap.
1160 2877 1230 2952 2)
1274 2878 1497 2937 frustra
1539 2877 1794 2954 vestigia
1819 2877 2214 2954 persequeris,
2256 2896 2374 2935 non
2420 2878 2642 2950 dubito,
2686 2878 2823 2952 quin
2858 2876 3158 2954 Josephus
3204 2897 3242 2936 a
3287 2879 3543 2938 rabbinis
3597 2890 3898 2940 mutuatus

461 2979 556 3051 sit,
611 2979 670 3038 in
714 2979 931 3038 scholis
986 2997 1162 3038 sacra
1215 2980 1438 3056 scripta
1482 2979 1835 3054 explicando
1880 2990 1938 3035 et
1997 2979 2351 3054 exponendo
2395 2977 2702 3048 traditam,
2755 2995 2874 3036 uon
2918 2979 3107 3038 minus
3151 2999 3330 3056 quam
3371 2981 3697 3041 mirabilem
3737 2982 3900 3041 illam

466 3080 619 3140 Mosi
684 3089 896 3141 contra
944 3080 1282 3155 Aethiopas
1348 3079 1781 3156 expeditionem
1859 3077 2210 3155 (Antiquitt.
2259 3078 2376 3149 Π.,
2458 3096 2593 3155 cap,
2644 3080 2754 3153 10)
2795 3081 3096 3157 multaque
3144 3081 3283 3152 alia,
3326 3081 3401 3139 de
3457 3081 3666 3158 quibus
3711 3082 3899 3140 serius

466 3182 801 3259 disputandi
845 3183 1013 3241 locus
1058 3181 1189 3239 erit.

666 3283 803 3341 Hae
859 3283 1037 3360 igitur
1090 3301 1315 3341 causae
1371 3301 1605 3350 omnes,
1664 3300 1831 3340 amor
1883 3281 2114 3358 patriae
2178 3280 2499 3353 libertatis,
2554 3279 2735 3339 nimia
2770 3282 2988 3342 fiducia
3030 3293 3091 3341 et
3136 3283 3466 3341 aestimatio
3512 3282 3708 3361 gentis
3751 3303 3898 3344 suae

456 3385 685 3457 virium,
751 3384 1034 3461 religiosa
1090 3384 1398 3461 persuasio
1456 3384 1530 3442 de
1598 3384 1711 3442 deo
1777 3401 1887 3441 suo
1941 3383 2163 3459 populo
2237 3382 2595 3441 hereditario
2655 3382 2862 3440 favore
2920 3403 2993 3442 ac
3035 3385 3375 3443 necessario
3445 3386 3702 3461 quodam
3758 3405 3898 3445 con-

455 3505 613 3544 nexu
667 3486 1110 3562 patrocinante,
1180 3485 1379 3544 odium
1424 3486 1777 3561 peregrinae
1845 3484 2262 3543 dominationis
2329 3501 2401 3542 ac
2458 3484 2918 3559 superstitionis,
2976 3485 3142 3544 labes
3196 3486 3426 3563 Mperii
3478 3488 3733 3546 Romani
3776 3487 3898 3546 suis

458 3587 644 3646 oeulis
686 3596 975 3664 percepta
1018 3599 1079 3645 et
1121 3588 1332 3664 cuique
1378 3598 1618 3663 patens,
1674 3585 1926 3661 denique
1970 3587 2303 3664 exemplum
2363 3595 2426 3643 et
2468 3586 2645 3643 ardor
2696 3586 3102 3662 popularium,
3158 3588 3306 3660 hae,
3357 3587 3627 3663 inquam,
3671 3604 3894 3646 causae

456 3686 805 3765 Josephum‚
849 3707 1205 3765 quamquam
1263 3689 1459 3748 animo
1504 3705 1935 3763 saepenumero
1976 3688 2365 3746 fluctuantem
2416 3687 2770 3758 videbimus,
2826 3687 3186 3747 validissimo
3229 3689 3450 3765 impetu
3495 3690 3900 3766 perpulerunt,

454 3797 524 3848 ut
562 3789 778 3848 bellum
808 3792 990 3850 semel
1034 3792 1352 3850 conflatum
1396 3809 1472 3849 ex
1533 3790 1728 3848 animo
1793 3788 2121 3866 susciperet
2185 3797 2367 3864 atque
2423 3787 2579 3846 ultro
2623 3796 2685 3845 et
2725 3806 2838 3845 sua
2879 3801 3093 3867 sponte
3147 3800 3385 3867 gereret
3427 3800 3488 3850 et
3541 3791 3701 3850 sine
3747 3792 3896 3851 ullo

459 3891 707 3961 dubio,
772 3891 962 3950 donec
1034 3892 1161 3950 fieri
1235 3902 1469 3968 posset,
1545 3892 1839 3951 hostem
1921 3891 2359 3951 acerrimum
2435 3891 2920 3949 Romanorum
3003 3907 3082 3948 se
3169 3891 3574 3953 exhiberet.
3682 3892 3898 3968 Neque

455 3993 603 4070 ipsi,
658 3991 926 4067 quamvis
981 3994 1191 4053 iterum
1243 3993 1570 4068 iterumque
1632 4010 1826 4068 paene
1882 3993 1960 4049 ad
2018 3992 2282 4051 taedium
2337 4009 2524 4067 usque
2577 3999 2815 4066 repetat
2834 4032 2851 4063 ,
2919 3991 3160 4050 credere
3213 4010 3559 4068 possumus,
3623 4003 3899 4053 coactum

455 4104 683 4155 tantum
729 4102 791 4152 et
833 4095 1189 4154 necessitate
1233 4095 1490 4171 quadam
1543 4093 1908 4170 compulsum
1963 4111 2131 4151 arma
2180 4112 2247 4152 se
2300 4103 2512 4153 contra
2564 4092 2870 4151 Romanos
2924 4092 3155 4168 cepisse
3171 4133 3189 4165 ,
3247 4111 3405 4169 quae
3460 4094 3675 4170 culpae
3718 4112 3896 4154 excu-

454 4196 612 4256 satio
678 4204 742 4254 et
784 4215 893 4272 per
945 4214 1009 4254 se
1053 4197 1213 4255 mala
1253 4214 1446 4271 neque
1489 4195 1717 4254 credita
1757 4213 1949 4270 neque
2015 4194 2339 4268 credibilis,
2412 4212 2528 4253 uno
2572 4193 2675 4253 illo
2747 4195 2882 4253 loco
2938 4194 3243 4253 notissimo
3289 4195 3465 4271 (Vita
3508 4200 3561 4267 §-
3610 4189 3719 4274 65)
3761 4193 3896 4253 falsi

454 4296 770 4358 manifesto
816 4297 1200 4370 convincitur,
1240 4298 1301 4356 in
1346 4315 1465 4374 quo
1505 4306 1713 4356 contra
1773 4296 1963 4355 civem
2006 4314 2177 4355 suum
2212 4293 2282 4355 et
2313 4297 2648 4373 aequalem,
2688 4296 2932 4355 Justum
2964 4294 3391 4368 Tiberiensem‚
3429 4305 3491 4355 et
3536 4294 3731 4371 ipsum
3761 4293 3900 4354 belli

448 4399 675 4476 judaici
703 4399 1070 4475 scriptorem,
1099 4415 1140 4456 a
1160 4399 1660 4458 criminationibus
1694 4417 1761 4457 se
1786 4416 2046 4475 purgare
2074 4386 2234 4456 omni
2262 4398 2456 4457 studio
2490 4406 2740 4457 conatus
2773 4407 2881 4455 est.
2939 4396 3174 4455 Etenim
3199 4395 3406 4456 Justus
3444 4398 3577 4470 iste,
3607 4393 3902 4468 Judaeus,

453 4500 689 4562 nomine
721 4501 906 4559 latine
940 4517 1145 4570 verso,
1194 4501 1354 4576 quod
1390 4511 1514 4559 tum
1547 4500 1829 4576 temporis
1864 4500 1925 4558 in
1970 4500 2456 4559 consuetudinem
2496 4499 2726 4557 abierat
2760 4497 2938 4555 sicuti
2973 4499 3132 4574 apud
3159 4508 3458 4559 nostrates
3490 4497 3687 4557 medio
3723 4513 3899 4569 aevo,

453 4604 605 4664 Pisti
633 4604 786 4662 filius
802 4645 819 4674 ,
863 4602 954 4659 vir
973 4619 1194 4678 graece
1233 4603 1379 4661 satis
1402 4602 1612 4663 doctus
1635 4598 1702 4682 (J
1705 4600 1911 4677 osephi
1947 4601 2072 4659 vita
2095 4607 2147 4673 5.
2173 4602 2208 4660 9
2249 4587 2373 4659 οὐδ’
2403 4594 2643 4681 ἄπειρος
2663 4594 2929 4663 παιδείας
2949 4598 3055 4678 τῆς
3074 4587 3209 4682 παρ’
3244 4584 3580 4681 Ἕλλησιν),
3626 4610 3900 4657 strenuus

456 4707 517 4765 in
550 4706 786 4784 agendo
811 4713 873 4763 et
902 4704 1054 4763 adeo
1079 4715 1354 4763 versutus
1389 4712 1453 4762 et
1484 4703 1753 4775 callidus,
1791 4712 1855 4760 ut
1890 4719 2249 4778 quamquam
2287 4702 2448 4761 haud
2484 4702 2849 4760 abstinuerat
2894 4719 2932 4760 a
2967 4711 3143 4779 parte
3187 4701 3357 4775 belli,
3396 4702 3708 4780 Agrippae
3748 4697 3898 4781 regi,

455 4808 877 4885 imperatorum
910 4805 1312 4865 Romanorum
1342 4806 1554 4877 amico,
1591 4815 1795 4882 gratus
1826 4814 2096 4864 maneret
2131 4815 2192 4863 et
2224 4805 2301 4864 ab
2325 4803 2589 4880 epistolis
2612 4803 2740 4863 sive
2767 4822 2806 4863 a
2827 4803 3262 4863 commentariis
3281 4800 3475 4863 iactus
3499 4812 3679 4876 esset,
3705 4800 3766 4861 in
3787 4817 3897 4860 suo

673 5047 738 5121 1)
783 5046 1253 5125 Hierophantam
1304 5058 1468 5107 recte
1524 5046 1787 5104 nominat
1842 5045 2253 5122 Haverkamp.
2296 5047 2356 5106 in
2410 5049 2673 5106 adnotat.
2719 5056 2761 5105 t.
2827 5079 2908 5089 -
2995 5044 3090 5103 En
3146 5043 3331 5103 habes
3372 5044 3467 5103 hic
3531 5041 3897 5119 praeforma-

457 5139 579 5188 tam
650 5131 1176 5194 Bethlehemiticae
1245 5132 1446 5193 caedis
1515 5133 1588 5191 ab
1664 5131 1906 5190 Herode
1980 5141 2364 5208 perpetratae
2409 5133 2692 5210 effigiem,
2758 5149 2934 5207 quam
2999 5140 3201 5189 notum
3279 5140 3371 5188 est
3429 5127 3757 5205 Joscphum
3821 5127 3896 5186 si·

454 5215 638 5275 lentio
681 5220 1053 5294 praeterisse.
3394 5302 3430 5358 2
