4159 6300
26 480 27 491 ⁴
26 334 37 435 Ὗ.
24 52 39 287 *nn-*⁷—

448 1106 627 1171 dubio
668 1105 876 1166 meh'ns
945 1105 1125 1181 patrii
1182 1105 1360 1164 animi
1409 1106 1708 1184 epaene-
1769 1104 2118 1182 haberomus
2183 1122 2256 1164 ac
2319 1115 2531 1183 suopte
2595 1105 2832 1183 ingenio
2895 1105 3087 1183 magis
3151 1107 3454 1182 peculiare
3512 1118 3575 1167 et
3625 1110 3786 1186 quod
3830 1128 3869 1169 a

448 1208 703 1267 veritate
743 1207 985 1284 propius
1050 1208 1305 1273 abesset.
1392 1205 1584 1283 Quem
1622 1205 1879 1269 libanum
1919 1206 2047 1283 ipse
2113 1206 2256 1267 dicit
2318 1206 2434 1283 (de
2479 1208 2538 1267 b.
2583 1206 2711 1283 jud.
2768 1224 3033 1282 prooem.
3085 1212 3136 1280 ς.
3187 1212 3237 1269 1.
3283 1208 3384 1285 2.)
3424 1209 3622 1285 patria
3660 1210 3868 1289 lingua

444 1311 485 1370 i.
528 1329 583 1370 e.
629 1308 933 1368 chaldaice
986 1307 1116 1367 sive
1160 1309 1459 1368 aramaice
1501 1307 1781 1384 scriptum
1843 1326 1909 1366 se
1971 1308 2200 1366 misisse
2257 1308 2426 1385 prius
2487 1307 2610 1373 τοῖς
2659 1302 2786 1368 ἅνω
2825 1305 3160 1393 βαρβάροις,
3227 1311 3263 1372 i.
3309 1329 3362 1371 e.
3406 1309 3659 1372 Judaeis
3701 1324 3868 1372 trans

444 1409 810 1487 Euphratem
852 1418 1027 1469 extra
1085 1411 1235 1469 fines
1298 1409 1550 1470 Romani
1614 1407 1841 1486 imperii
1904 1426 2012 1486 per
2075 1409 2352 1481 Persida,
2415 1409 2833 1486 Babyloniam,
2897 1411 3207 1471 Parthiam
3271 1413 3697 1483 habitantibus3
3764 1413 3870 1489 qui

446 1512 683 1589 quadem
722 1510 873 1570 liber
915 1522 978 1569 et
1039 1512 1220 1589 longe
1264 1512 1497 1575 brevior
1536 1510 1719 1573 fuisse
1760 1509 2018 1584 videtur,
2078 1528 2260 1586 quam
2325 1511 2424 1587 qui
2487 1527 2640 1569 nunc
2703 1520 3005 1589 superstes
3058 1524 3151 1572 est
3202 1513 3277 1573 de
3321 1515 3532 1574 eodem
3571 1514 3759 1586 bello,
3805 1524 3868 1573 et

445 1598 809 1689 compositus
860 1613 1015 1672 inter
1064 1615 1256 1693 ipsum
1309 1630 1601 1672 armorum
1649 1612 1907 1671 furorem
1961 1632 2034 1673 ac
2085 1613 2410 1689 strepitum.
2525 1612 2685 1671 Nam
2738 1614 3016 1688 quoniam
3060 1623 3332 1687 constat,
3398 1625 3627 1693 septem
3683 1617 3870 1676 libros

444 1711 578 1796 περὶ
622 1709 917 1780 ἁλώσεως
957 1732 1077 1774 non
1118 1714 1304 1777 multo
1345 1724 1485 1793 post
1526 1714 1740 1773 bellum
1779 1714 2003 1773 finitum
2044 1715 2202 1793 (vid.
2257 1716 2514 1787 Lewitz,
2560 1714 2831 1790 Quaestt.
2897 1716 3177 1776 Flavian.
3244 1718 3325 1791 1.,
3377 1736 3433 1795 p.
3479 1719 3579 1792 2),
3647 1735 3866 1794 „quma

446 1815 630 1875 ueluti
671 1833 881 1876 recens
925 1816 1118 1875 adhuc
1170 1823 1313 1874 ante
1366 1815 1571 1876 oculos
1623 1813 2040 1890 versabatur,⁸
2111 1816 2363 1893 scriptos
2434 1835 2598 1888 esse,
2657 1816 2970 1877 manifesto
3031 1828 3314 1895 apparet,
3382 1819 3633 1878 alterum
3680 1817 3866 1891 illum,

446 1937 622 1995 quum
657 1917 787 1994 jam
827 1917 908 1977 ibi
950 1926 1325 1992 memoretur,
1365 1918 1475 1978 sub
1516 1917 1713 1994 ipsam
1751 1917 2037 1995 originem
2081 1917 2345 1994 ejusdem
2387 1918 2527 1977 belli
2569 1918 2789 1977 effitum
2841 1918 3035 1980 fuisse.
3121 1921 3196 1980 Id
3260 1921 3420 1996 quod
3484 1920 3864 1980 confirmatur

445 2028 794 2098 argumento
839 2037 912 2078 ac
976 2020 1093 2079 fine
1136 2018 1265 2096 ejus
1326 2016 1538 2096 libelli,
1604 2018 1702 2094 qui
1763 2036 1836 2078 eo
1902 2019 2150 2080 consilio
2190 2019 2442 2095 scriptus
2504 2017 2643 2090 tuit,
2707 2029 2774 2078 ut
2815 2016 3184 2080 Judaeorum
3235 2021 3294 2079 in
3340 2020 3585 2082 Oriente
3634 2019 3863 2080 animos

441 2122 842 2199 pietatemque
886 2120 1177 2180 excitata
1218 2121 1296 2179 ad
1339 2120 1617 2180 auxilium
1660 2120 1891 2197 patriae
1932 2138 2044 2197 pro
2085 2121 2376 2198 religione
2419 2137 2491 2179 ac
2534 2120 2806 2179 libertate
2845 2130 3220 2197 pugnaturae
3260 2131 3497 2180 strenue
3541 2119 3862 2179 serendum.

441 2223 654 2298 Neque
718 2222 872 2281 euim
934 2230 1059 2281 tum
1121 2231 1355 2298 tempus
1417 2222 1556 2283 sivit
1626 2222 1686 2280 in
1750 2221 2108 2300 expoliendo
2178 2240 2360 2300 opere
2432 2222 2781 2281 commorari
2854 2241 3047 2298 neque
3111 2222 3383 2299 cuiquam
3449 2222 3860 2281 Hebraeorum

443 2323 887 2401 peregi-horum
946 2325 1102 2383 bono
1164 2322 1402 2401 inisset,
1465 2323 1700 2400 singula
1762 2336 2032 2400 quaeque
2098 2334 2242 2383 ante
2303 2324 2417 2383 hoc
2482 2323 2696 2382 beilum
2755 2322 2907 2382 inter
2969 2320 3238 2382 Judaeos
3293 2332 3497 2401 gesta,
3560 2324 3861 2383 Antiocho

443 2425 753 2503 Epiphane
795 2432 859 2484 et
900 2424 1115 2485 ceteris
1154 2423 1434 2502 deinceps
1476 2424 1714 2499 regibus
1757 2442 1943 2501 oeque
1997 2424 2074 2483 ad
2127 2424 2436 2484 Herodem·
2477 2425 2888 2500 regnantibus,
2952 2424 3234 2484 continua
3285 2425 3628 2484 narratione
3673 2425 3860 2485 fusius

445 2526 754 2604 persequi3
799 2525 960 2602 quod
998 2535 1309 2602 atrumque
1363 2524 1582 2586 iactum
1646 2534 1741 2586 eet
1780 2526 1840 2584 in
1882 2526 2041 2585 libris
2098 2522 2234 2607 περὶ
2299 2521 2624 2597 ἁλώσεως,
2689 2527 2895 2602 quales
2961 2527 3278 2585 etiamnum
3318 2525 3587 2602 legimus.
3675 2527 3872 2586 Istum

449 2645 592 2689 vero
632 2628 889 2687 libellum
931 2628 1211 2688 hebraice
1251 2626 1561 2703 scriptum,
1616 2626 1716 2702 qui
1758 2626 1934 2687 hoffle
1978 2629 2160 2687 etiam
2202 2625 2604 2686 circumfertur
2644 2636 2706 2684 et
2747 2627 2900 2686 inter
2918 2624 3189 2686 Judaeos
3231 2646 3507 2704 maguam
3554 2637 3860 2687 assecutus

374 2740 385 2751 ·
448 2740 543 2789 est
586 2729 1024 2800 auctoritatem,
1089 2730 1197 2788 sub
1237 2728 1471 2787 nomine
1513 2725 1763 2804 Iosephi
1804 2728 1935 2787 Bon
1980 2727 2210 2788 Gorion
2256 2723 2704 2808 (Gorionidae),
2771 2746 2926 2789 anno
2997 2730 3154 2787 1541
3205 2729 3396 2805 primo
3441 2730 3692 2801 editum,
3752 2729 3861 2788 sed

440 2830 621 2907 longe
665 2831 1071 2907 antiquiorem,
1114 2848 1264 2891 cave
1305 2848 1416 2908 pro
1459 2828 1715 2907 gemino
1758 2830 1945 2889 nostri
1984 2830 2181 2890 Flavii
2221 2828 2470 2908 Josephi
2532 2848 2712 2907 opere
2775 2830 3025 2901 habeas3
3094 2839 3299 2908 utpote
3361 2831 3462 2906 qui
3519 2830 3756 2892 Gothos
3799 2841 3862 2889 et

441 2931 872 3009 Eougobardoe
914 2940 1203 2992 memoret
1243 2941 1303 2991 et
1343 2931 1574 2993 nonnisi
1613 2930 1835 3008 passim
1876 2950 2016 2991 rara
2057 2932 2259 3008 aliqua
2315 2932 2468 2991 bene
2519 2931 2694 3009 periti
2744 2931 3044 3008 scriptoris
3096 2930 3315 2990 indicia
3369 2950 3516 3008 prae
3560 2952 3628 2991 se
3671 2930 3855 3005 ferat3

449 3049 558 3106 qno
601 3032 861 3108 pertinet
899 3033 1069 3092 locus
1108 3033 1228 3105 ilie,
1270 3033 1371 3092 ubi
1414 3032 1656 3107 Gallos,
1722 3031 1899 3108 „qui
1940 3032 2221 3091 Franci
2289 3034 2504 3092 etiam
2557 3032 3081 3103 nominantur,
3138 3030 3196 3090 in
3247 3033 3547 3108 exsequiis
3599 3033 3864 3093 Herodis

446 3131 683 3194 affuisse
747 3143 1015 3206 enarrat,
1077 3134 1137 3192 in
1193 3131 1401 3209 quibus
1442 3152 1754 3212 perperam
1793 3133 2100 3194 intellecta
2153 3151 2225 3193 ac
2276 3133 2608 3211 depravata
2669 3151 2800 3192 esse
2845 3132 3056 3211 opinor
3113 3134 3301 3192 verba
3361 3133 3547 3193 nostri
3589 3130 3860 3212 Josephi,

436 3234 697 3298 inbelle
733 3235 1153 3312 jnd.1.‚oap.
1200 3235 1304 3309 33,
1367 3239 1416 3307 5.
1462 3238 1532 3309 9,
1598 3235 1697 3295 ubi
1764 3251 1980 3314 agmen
2022 3235 2343 3308 Thracum,
2388 3227 2726 3316 ,Γερμανοί
2774 3251 2841 3292 τε
2882 3231 2982 3294 καὶ
3027 3227 3396 3294 Γαλάταϋ·
3442 3234 3603 3295 circa
3641 3235 3862 3295 lectum

436 3336 739 3397 funebrem
780 3337 993 3396 mortni
1055 3337 1293 3396 honoris
1333 3355 1519 3400 causa
1557 3338 1761 3415 stipati
1820 3336 1999 3396 fuisse
2063 3347 2226 3397 recte
2291 3338 2572 3396 dicuntur.
2657 3334 2881 3395 Notum
2925 3334 3078 3395 enim
3121 3346 3214 3397 est
3257 3336 3512 3409 aliunde,
3555 3337 3858 3396 Herodem

438 3439 765 3517 peregrinis
807 3440 1082 3504 militibus
1124 3437 1497 3500 mercenariis
1552 3456 1721 3498 usum
1774 3436 1972 3498 inisse.
2045 3471 2127 3484 —-
2217 3436 2342 3500 Sed
2404 3447 2468 3496 ut
2509 3436 2640 3513 jam
2694 3438 2773 3495 ad
2835 3438 3201 3516 propositum
3255 3445 3650 3510 revertamur,
3714 3455 3855 3497 con·

436 3540 717 3628 fitendum
780 3551 903 3613 est,
966 3551 1088 3601 tam
1142 3541 1376 3604 difficile
1445 3558 1608 3614 esse,
1658 3539 1883 3617 justum
1941 3540 2015 3598 de
2067 3538 2339 3616 Josepho
2394 3538 2644 3615 egimque
2695 3539 3049 3599 auctoritate
3100 3541 3511 3618 integrumque
3566 3537 3854 3615 judicium

437 3642 621 3716 farre,
685 3652 750 3702 ut
792 3644 999 3704 mirum
1063 3653 1343 3722 quantum
1404 3660 1639 3720 semper
1697 3641 2016 3702 disti-actm
2059 3631 2275 3701 fuerint
2315 3658 2390 3701 ac
2431 3639 2788 3701 dissociatae
2852 3640 3161 3700 doctorum
3205 3642 3461 3700 virorum
3527 3640 3602 3699 de
3670 3658 3748 3700 ea
3788 3658 3856 3699 re

440 3746 758 3823 opiniones.
846 3745 1003 3804 Nam
1046 3745 1244 3822 primis
1286 3744 1578 3808 ecclesiae
1621 3743 1972 3804 christianae
2014 3742 2310 3803 nascentis
2353 3744 2605 3803 saeculis
2646 3744 2707 3802 in
2749 3753 2919 3802 tanto
2961 3743 3184 3802 honore
3229 3741 3320 3803 1²³1.
3365 3739 3619 3819 Josephi
3666 3760 3856 3819 opera

437 3847 834 3918 habebantur,
897 3855 965 3905 ut
1006 3846 1134 3922 ejus
1176 3863 1390 3932 nomen
1433 3847 1532 3905 vel
1573 3846 1634 3905 in
1674 3845 1900 3905 catenis
1943 3861 2291 3922 &ancorum
2334 3853 2597 3921 patrum,
2664 3845 2764 3920 qui
2806 3844 3095 3916 (ficantur,
3141 3843 3452 3920 ecclesiae,
3523 3843 3858 3902 christianis

435 3947 829 4012 intermixtum
873 3949 1113 4025 legatur
1157 3949 1350 4026 (ittig.
1373 3948 1701 4025 prolegom.
1742 3947 1819 4005 ad
1860 3944 1991 4005 Jos.
2037 3966 2094 4024 p.
2122 3948 2222 4006 89.
2266 3945 2495 4006 Walch.
2537 3944 2671 4007 bibl.
2718 3947 2945 4022 pau-ist.
2969 3944 3166 4004 Jenae
3196 3944 3356 4004 1770
3387 3964 3522 4022 cap.
3557 3944 3722 4018 XV„
3772 3946 3857 4020 1).

435 4050 648 4109 Talem
695 4062 893 4108 autem
925 4048 1153 4125 judaici
1194 4050 1496 4128 scriptoris
1561 4049 1906 4127 dignitatem
1951 4057 2012 4107 et
2054 4048 2497 4125 exspectatione
2543 4057 2605 4106 et
2667 4048 3035 4124 praestantia
3076 4047 3335 4106 auctoris
3391 4045 3675 4123 majorem
3716 4044 3858 4105 inde

434 4152 485 4211 si
530 4169 648 4210 non
693 4160 916 4224 ortam,
979 4162 1330 4212 maturatam
1392 4163 1592 4212 tamen
1655 4161 1717 4211 et
1760 4158 1994 4214 auctam
2039 4149 2318 4221 arbitror,
2380 4148 2537 4225 quod
2602 4147 2730 4226 ipse
2794 4158 3034 4209 sanctus
3088 4148 3470 4220 Ambrosius,
3537 4148 3854 4225 episcopus

437 4252 896 4313 Mediolanensis
941 4254 969 4320 (
981 4254 1199 4313 374-
1218 4251 1370 4335 97),
1432 4255 1708 4314 librorum
1750 4252 1827 4310 de
1889 4251 2121 4311 excidio
2163 4251 2705 4348 Hierosolymorum
2761 4250 3058 4328 epitomen
3110 4251 3221 4309 sub
3278 4248 3513 4308 nomine
3567 4246 3858 4327 Egesippi

432 4355 470 4413 i.
518 4373 568 4414 e.
610 4327 859 4432 Josephi
900 4355 1026 4414 sive
1067 4341 1364 4436 Ἰωσήπου
1409 4356 1664 4432 quinque
1705 4353 1865 4413 libris
1906 4352 2108 4412 facere
2150 4362 2211 4412 et
2250 4352 2433 4412 latine
2476 4360 2709 4412 vertere
2750 4370 2870 4411 nou
2913 4352 3270 4429 dedignatus
3312 4359 3421 4409 est.
3500 4347 3620 4429 (ct.
3667 4348 3856 4409 Barth

432 4456 802 4516 Adversaria
843 4475 900 4533 p.
952 4456 1133 4515 1564.
1222 4455 1486 4517 Graesse
1527 4458 1657 4517 hist.
1701 4455 1786 4515 lit.
1831 4474 1889 4531 p.
1941 4453 2156 4527 1223.)
2240 4452 2426 4513 Simul
2469 4473 2611 4513 vero
2666 4453 2756 4512 his
2803 4453 2949 4530 ipsis
3001 4451 3397 4530 temporibus,
3463 4462 3530 4511 ut
3580 4452 3650 4510 fit
3701 4452 3857 4510 inter

432 4557 693 4620 homines
745 4575 854 4634 pro
918 4558 1217 4636 religionis
1283 4558 1513 4635 placitis
1557 4558 1837 4619 acen-ime
1901 4563 2267 4634 pugnantes,
2331 4565 2450 4614 tam
2516 4564 2654 4615 ante
2717 4555 3037 4615 Eusebium
3081 4573 3257 4631 quam
3317 4556 3393 4613 ab
3451 4571 3525 4613 eo
3591 4553 3729 4629 ipso
3794 4561 3858 4611 et

431 4781 529 4844 τὸν
570 4771 863 4866 Ἐπιφανῆ
908 4779 971 4844 ἐν
1012 4783 1090 4866 τῇ
1141 4785 1259 4844 τῶν
1314 4776 1720 4868 Μακκαβαῖων
1786 4779 1996 4868 βίβλῳ,
2013 4781 2038 4866 )
2104 4785 2312 4862 quibus
2368 4785 2548 4844 alium
2602 4785 2808 4845 librum
2880 4803 2919 4843 a
2981 4802 3047 4843 se
3103 4782 3500 4883 compositum·
3555 4780 3857 4854 indicavit,

434 4889 514 4941 „a
555 4870 740 4932 sciolo
782 4871 1114 4947 adscripta,
1178 4878 1394 4947 postea
1434 4871 1494 4930 in
1559 4879 1785 4929 textum
1827 4871 2193 4948 irrepsisse-‘⁶
2280 4870 2428 4931 Mihi
2484 4869 2680 4948 potius
2732 4871 2859 4929 veri
2914 4869 3146 4929 videtur
3196 4867 3415 4942 simile,
3483 4868 3676 4945 ipsum
3737 4867 3852 4925 hoc

429 4954 681 5033 Jouephi
726 4956 803 5017 de
842 4956 1225 5018 Maccabaeis
1268 4975 1419 5034 opus
1463 4971 1597 5016 esse
1638 4956 1929 5033 perditum
1972 4967 2034 5015 et
2075 4973 2209 5016 eam
2253 4958 2330 5017 ob
2354 4974 2596 5017 causam
2626 4966 2687 5016 et
2706 4963 2955 5035 propter
2994 4954 3390 5056 inscriptionis
3420 4951 3858 5014 similitudinem

432 5041 680 5106 alterum
708 5042 880 5116 illud,
922 5044 1080 5119 quod
1123 5060 1279 5102 nuno
1324 5050 1552 5104 exstat·
1595 5037 1685 5109 εἰς
1725 5034 2153 5125 Μακκαβαίους
2194 5036 2392 5122 λόγος,
2435 5042 2631 5102 Flavii
2673 5041 2928 5120 Josephi
2964 5042 3230 5112 nomine,
3271 5039 3380 5099 sed
3399 5039 3527 5100 sine
3573 5036 3750 5099 dubio
3794 5049 3858 5096 et

429 5128 690 5206 spurium
734 5127 1042 5206 (Girorer,
1108 5127 1309 5200 Philo,
1374 5147 1434 5205 p.
1485 5127 1607 5187 173
1656 5123 1811 5208 sqq.)
1875 5138 1939 5188 et
2002 5137 2246 5190 auctore
2297 5128 2598 5205 indignum
2658 5129 2972 5206 (Quaestt.
3026 5126 3199 5187 Flav.
3242 5126 3292 5185 1.
3277 5165 3324 5198 .,
3386 5145 3448 5202 p.
3493 5123 3596 5200 3.)
3659 5140 3854 5199 neque

428 5212 746 5298 quidquam
789 5215 868 5273 ad
905 5233 1001 5273 res
1046 5213 1543 5273 Maccahaeorum
1587 5226 1788 5291 gestas
1830 5213 2162 5315 pertinens,
2216 5232 2256 5272 a
2314 5214 2627 5274 serioribus
2692 5215 2749 5276 ei
2812 5213 2926 5291 ipsi
2967 5211 3240 5290 scriptori
3284 5210 3438 5271 ialso
3484 5207 3845 5269 adtributum

426 5289 627 5358 inisse.
716 5299 838 5361 Sed
888 5309 1017 5359 tota
1056 5299 1206 5360 haec
1278 5300 1549 5375 quaestio
1592 5298 1664 5358 de
1719 5297 1968 5376 Josephi
2032 5299 2264 5377 scriptis
2307 5298 2563 5360 nondum
2619 5300 2810 5358 adhuc
2856 5296 3180 5375 dijudicata
3250 5304 3342 5355 est
3386 5313 3457 5355 ac
3502 5294 3854 5354 densissima

430 5386 599 5461 quasi
644 5386 901 5462 caligine
945 5386 1219 5446 obducta.
