4159 6300
2105 768 2210 838 10

452 989 633 1066 digna
674 1007 856 1064 saepe
905 1006 977 1047 ac
1019 989 1503 1062 reprehendenda
1544 992 1617 1049 de
1676 992 1796 1050 Dei
1853 1000 2066 1049 natura
2110 991 2329 1067 opinio,
2395 992 2700 1067 plurimum
2743 994 2845 1051 illa
2890 1013 2928 1051 a
2972 995 3169 1052 nativa
3217 995 3586 1072 simplicitate
3645 998 3860 1056 veteris

452 1091 793 1153 testamenti
838 1090 1177 1162 abhorrens,
1236 1090 1371 1148 inde
1432 1092 1844 1168 superstitiosa
1904 1093 1978 1151 de
2029 1092 2410 1173 daemonibus
2472 1103 2823 1167 commenta,
2887 1095 3023 1153 inde
3080 1095 3322 1154 mirifica
3374 1097 3490 1156 ista
3547 1118 3618 1158 ac
3671 1117 3863 1174 paene

456 1193 649 1268 turpis
700 1212 738 1251 a
784 1192 1061 1251 librorum
1114 1206 1415 1249 sacrorum
1461 1194 1811 1252 auctoritate
1854 1194 1916 1252 in
1970 1194 2302 1252 enarrando
2348 1194 2673 1273 aberratio;
2723 1195 2859 1253 inde
2903 1196 3152 1272 denique
3194 1197 3506 1273 singularis
3549 1216 3622 1258 ac
3679 1216 3864 1275 prope

456 1294 704 1355 ridicula
752 1294 1064 1353 multarum
1104 1310 1298 1350 rerum
1342 1293 1680 1369 explicatio.
1765 1292 1808 1352 J
1812 1314 1908 1352 am
1950 1293 2131 1371 igitur
2173 1296 2503 1372 apparebit,
2548 1293 2797 1372 Josephi
2841 1297 3058 1356 cultum
3099 1297 3318 1375 ingenii
3378 1306 3440 1356 et
3482 1298 3865 1358 eruditionem

456 1413 575 1454 non
614 1395 933 1472 simplicem
976 1412 1138 1467 esse,
1179 1411 1299 1451 non
1339 1393 1451 1452 sibi
1493 1403 1891 1467 constantem,
1935 1413 2052 1454 non
2114 1396 2173 1453 in
2215 1414 2333 1453 uno
2386 1404 2689 1471 tamquam
2737 1396 3120 1457 fundamento
3173 1399 3576 1476 constitutam,
3642 1399 3747 1459 sed
3791 1418 3866 1457 cx

458 1496 639 1557 tribus
692 1497 867 1571 quasi
930 1496 1194 1574 partibus
1258 1505 1434 1569 atque
1498 1497 1805 1556 elementis
1857 1496 2197 1554 conflatam:
2264 1497 2399 1573 lege
2467 1498 2749 1569 mosaica,
2812 1492 3046 1573 graecis‘
3106 1499 3319 1571 literis,
3395 1502 3727 1560 scholarum
3795 1518 3866 1559 ac

458 1605 755 1657 sectarum
806 1597 899 1656 sui
941 1596 1220 1673 temporis
1261 1596 1689 1655 rabbinicarum
1730 1597 2158 1656 traditionibus.
2256 1596 2427 1672 Quae
2484 1599 2701 1674 ubique
2754 1599 3085 1660 discernere
3152 1612 3214 1661 et
3277 1601 3549 1679 persequi
3611 1620 3709 1660 res
3775 1609 3869 1660 est

456 1698 677 1757 multae
722 1716 945 1773 operae
998 1716 1107 1756 nec
1161 1697 1398 1756 minoris
1451 1698 1776 1757 doctrinae.
1885 1697 2011 1758 Sed
2061 1715 2241 1772 quum
2283 1699 2433 1758 haec
2475 1699 2756 1759 latissime
2800 1710 3064 1776 pateant,
3106 1704 3388 1762 nonnulla
3441 1713 3636 1762 tamen
3689 1703 3868 1762 liceat

456 1800 571 1861 hoc
620 1800 754 1859 loeo
804 1800 1056 1875 exetnpii
1096 1800 1282 1857 instar
1322 1798 1580 1858 breviter
1618 1800 1678 1858 in
1722 1800 1975 1859 medium
2018 1799 2302 1876 prolerre.

668 1900 941 1975 Quatuor
990 1899 1232 1959 flumina
1283 1899 1572 1976 paradisi,
1622 1901 1743 1960 suis
1786 1900 2113 1959 nominibus
2155 1900 2495 1978 designata,
2557 1901 2931 1977 Euphraten,
2975 1902 3213 1979 Tigrin,
3259 1903 3517 1980 Gangen
3561 1912 3622 1961 et
3665 1904 3865 1961 Nilum

462 2021 597 2063 esso
638 2003 765 2061 sine
809 2003 933 2062 nlla
982 2001 1343 2060 dubitatione
1369 2000 1619 2060 affirmat
1665 1998 1982 2082 (antiquitt.
2026 2002 2168 2067 1.1
2217 2005 2266 2071 §-
2313 2000 2426 2076 3),
2470 2001 2692 2060 addens
2743 2002 3014 2079 insuper.
3055 2001 3156 2064 καὶ
3199 2000 3441 2064 Φεισὼν
3488 1999 3592 2082 μὲν
3639 1998 3734 2062 ἐπὶ
3762 2002 3866 2082 τὴν

454 2090 700 2184 Ἰνδικὴν
751 2090 1099 2184 φερόμενος
1127 2096 1428 2161 ἐκδίδωσιν
1472 2097 1562 2167 εἰς
1602 2099 1669 2163 τὸ
1711 2097 1987 2181 πέλαγος,
2035 2088 2135 2183 ὑφ’
2176 2089 2486 2182 Ἑλλήνων
2511 2095 2743 2182 Γάγγης
2782 2097 3128 2182 λεγόμενος,
3176 2116 3476 2182 tamquam
3515 2105 3568 2163 si
3595 2106 3744 2164 haec
3790 2123 3867 2163 ex

460 2204 625 2264 iente
668 2222 783 2264 suo
819 2204 1097 2263 hauserit.
1184 2203 1307 2264 Sed
1351 2201 1603 2262 Graecis
1646 2205 1909 2279 scripsit,
1944 2203 2073 2279 jam
2120 2204 2195 2262 ab
2236 2204 2403 2262 initio
2445 2205 2829 2280 probaturus,
2874 2224 3050 2280 qnam
3094 2208 3339 2283 antiqua
3378 2206 3456 2264 sit
3493 2206 3867 2282 popularium

458 2325 699 2367 suorum
741 2305 991 2365 scientia
1032 2314 1096 2363 et
1134 2303 1445 2380 sapientia.
1528 2304 1590 2362 N
1592 2323 1661 2363 ec
1711 2305 1941 2377 dubito,
1983 2306 2124 2380 quin
2165 2304 2314 2363 talia
2353 2305 2413 2363 in
2455 2305 2670 2364 scholis
2713 2302 2980 2365 Judaicis
3035 2307 3138 2366 ino
3184 2326 3336 2367 aevo
3378 2308 3597 2366 tradita
3637 2307 3868 2367 fuerint.

468 2418 477 2423 ’
675 2405 859 2481 Cujus
900 2406 1269 2464 Ebraeorum
1300 2404 1613 2463 doctrinae
1658 2413 1835 2481 atque
1879 2404 2378 2481 interpretationis
2421 2406 2813 2482 largissimum
2854 2407 3038 2466 habes
3082 2410 3411 2484 exemplum
3465 2408 3524 2467 in
3577 2408 3867 2484 antiquitt.

458 2509 608 2568 Istro
650 2507 841 2583 primo
880 2507 1065 2581 (cap.·
1087 2504 1171 2585 6).
1280 2505 1581 2582 Siquidem
1624 2525 1702 2565 ex
1752 2516 1976 2582 septem
2020 2506 2198 2564 Noae
2249 2506 2558 2580 nepotibus
2611 2524 2813 2565 omnes
2869 2508 3025 2566 orbis
3071 2517 3362 2569 terrarum
3405 2509 3656 2587 populos
3706 2519 3868 2567 ortos

464 2608 577 2679 ait3
619 2607 858 2666 nomina
900 2626 943 2665 a
976 2606 1229 2667 Graecis
1272 2616 1515 2683 propter
1555 2608 1840 2667 sermonis
1883 2609 2157 2667 decorem
2210 2607 2548 2680 immutata,
2609 2607 2788 2667 facile
2839 2617 3039 2667 tamen
3098 2610 3378 2686 agnosci3
3440 2610 3638 2687 itaque
3679 2611 3869 2669 Jones

466 2727 784 2785 omnesque
851 2707 1125 2768 Graecos
1191 2727 1268 2767 cx
1331 2707 1573 2768 Jovano
1636 2718 1847 2779 natos3
1910 2726 1991 2766 ex
2030 2707 2216 2766 Made
2279 2708 2528 2777 Medos;
2595 2725 2672 2766 ex
2715 2709 3003 2769 Masoehe
3057 2728 3194 2782 eos,
3258 2711 3359 2787 qui
3420 2696 3594 2770 nunc‘
3637 2709 3872 2786 quidem

465 2809 857 2886 Cappadoces
894 2810 1294 2881 nominentur3
1337 2811 1444 2870 sed
1498 2811 1777 2888 antiquae
1830 2807 2244 2884 appellationis
2284 2809 2498 2868 indicio
2540 2809 2795 2868 Masaca
2834 2812 3038 2870 urbem
3076 2811 3458 2886 principalem
3497 2812 3748 2882 habere3
3795 2810 3875 2869 ad

459 2912 693 2973 Thimn
730 2911 1019 2987 originem
1058 2910 1280 2971 reterre
1324 2913 1595 2971 Thracas
1604 2936 1621 2991 3
1682 2893 2012 2972 Chetimum
2056 2926 2386 2984 occupasse
2427 2910 2678 2969 insulam
2719 2909 3048 2971 Chetimam
3100 2911 3161 2970 id
3205 2916 3314 2970 est·
3339 2911 3608 2981 Cretam;
3651 2912 3711 2970 in
3754 2930 3874 2986 qua

466 3013 745 3090 oppidum
787 3030 920 3071 esse
965 3011 1214 3084 Citium,
1278 3012 1513 3071 nomine
1555 3012 1875 3087 paullulum
1918 3011 2259 3079 immutato,
2299 3010 2409 3068 sed
2449 3028 2568 3068 non
2614 3011 2781 3070 nimis
2826 3029 2865 3069 a
2905 3008 3092 3091 χεθὶμ
3132 3013 3532 3088 discrepatum
3577 3013 3873 3072 narsum

470 3124 657 3176 ortum
700 3123 763 3174 et
802 3118 1018 3172 notaen
1070 3112 1304 3174 dedisse
1349 3112 1779 3172 Thai-sensibus
1819 3111 1883 3170 id
1924 3118 2018 3170 est
2060 3107 2338 3170 Cilicibus
2359 3113 2450 3183 1);
2507 3120 2855 3189 argumento
2901 3130 3034 3172 esse
3077 3115 3428 3191 metropolin
3474 3132 3678 3175 eorum
3720 3116 3873 3174 Tar-

464 3235 614 3277 sum.
701 3214 827 3277 Sed
867 3215 1035 3291 piget
1080 3213 1208 3289 ejus
1232 3213 1467 3291 generis
1508 3231 1700 3288 nugas
1745 3213 1942 3289 plin-es
1984 3212 2393 3285 transcribere,
2438 3213 2643 3288 quibus
2693 3232 2771 3272 ne
2825 3215 2910 3273 sic
2967 3215 3201 3289 quidem
3244 3215 3482 3276 defuere
3512 3217 3871 3277 imitatores!

672 3319 745 3377 In
785 3317 1101 3392 Antiquitt.
1143 3317 1261 3388 111,
1307 3317 1342 3374 6
1389 3320 1439 3387 §-
1485 3318 1526 3373 4
1570 3315 1741 3386 dicit,
1792 3312 2159 3373 tabernaculi
2217 3331 2257 3372 a
2307 3313 2480 3373 Mose
2537 3314 2720 3376 erecti
2763 3315 3153 3376 dimensiones
3196 3335 3388 3375 rerum
3432 3318 3874 3377 universitatem

464 3419 719 3490 teies-rm
762 3418 997 3480 tertiam
1043 3418 1197 3477 enim
1237 3426 1494 3493 partem,
1548 3434 1667 3491 quo
1722 3433 1830 3473 nec
1901 3416 2308 3475 sacerdotibus
2351 3415 2441 3474 ias
2495 3417 2805 3489 accedere,
2848 3435 2980 3475 esse
3023 3418 3206 3477 veluti
3248 3420 3479 3480 coelum
3519 3420 3656 3478 Deo
3697 3436 3874 3493 sepo·

464 3521 671 3599 situm3
709 3520 997 3595 reliquum
1038 3519 1322 3596 spatium,
1374 3527 1681 3594 tamqnam
1720 3527 1937 3578 terram
1980 3526 2042 3576 et
2085 3535 2282 3593 mare,
2343 3517 2421 3575 ad
2463 3533 2615 3593 quae
2657 3517 2983 3577 hominibus
3029 3520 3230 3578 datum
3270 3521 3349 3579 sit
3389 3537 3684 3592 accessus,
3727 3520 3870 3578 solis

465 3624 872 3684 sacerdotibus
928 3621 1205 3694 concedi,
1264 3638 1458 3696 neque
1511 3620 1701 3680 minus
1758 3619 1874 3695 (ib.
1930 3623 1978 3690 ς
2034 3619 2111 3691 6)
2177 3619 2590 3678 candelabrum
2645 3620 3013 3679 tabernaculi
3065 3621 3125 3680 in
3180 3630 3408 3698 septem
3451 3620 3612 3680 exire
3655 3621 3874 3696 capita,

469 3725 678 3802 aequis
718 3723 1044 3784 intervallis
1087 3722 1394 3798 disposita,
1436 3721 1809 3797 planetarum
1827 3738 2131 3782 nnmerum
2173 3719 2508 3779 referentia.
2594 3721 2801 3780 Habes
2843 3720 2903 3780 in
2944 3722 3035 3781 his
3076 3723 3202 3781 sine
3246 3723 3422 3781 dnbio
3463 3722 3874 3800 magistrorum

472 3825 843 3886 Judaeornm
885 3823 1457 3901 intes-pretationem·
1499 3821 1667 3897 cujus
1707 3824 1768 3881 in
1795 3823 1957 3882 libris
1999 3820 2190 3880 sacris
2231 3799 2346 3881 ne'
2349 3822 2662 3898 vestigium
2705 3822 2956 3898 quidem.

677 3929 1053 3988 Abrahamus
1116 3926 1369 3986 traditur
1429 3925 1489 3983 in
1554 3925 1757 3999 genesi
1822 3924 2110 3994 x111,4
2178 3940 2430 3992 „nomen
2494 3923 2711 3982 domini
2774 3924 2835 3982 in
2898 3933 3060 3982 terra
3128 3920 3376 3982 Canaan
3439 3921 3872 3996 praedicasse.“

469 4025 771 4104 Josephus
824 4046 971 4087 vero
1022 4029 1198 4101 (antt.
1241 4028 1293 4098 I,
1345 4045 1397 4087 c.
1455 4026 1492 4084 7
1539 4032 1588 4098 §-
1639 4028 1666 4082 1
1723 4025 1881 4101 sqq.)
1934 4025 2087 4084 hunc
2143 4032 2272 4082 arte
2315 4041 2392 4082 ae
2431 4024 2661 4083 ratione
2706 4025 3114 4101 philosophum
3155 4021 3319 4097 facit,
3362 4023 3754 4099 disputantem
3802 4024 3876 4081 de

468 4139 686 4188 natura
752 4147 949 4189 rerum
992 4148 1147 4188 cum
1210 4127 1421 4187 inoofis
1482 4126 1955 4202 Mesopotamiae
2023 4133 2084 4183 et
2145 4125 2549 4184 sacerdotibus
2618 4124 2962 4203 Chaldaeis3
3038 4124 3361 4200 eodemque
3425 4124 3632 4199 modo,
3700 4141 3878 4199 quum

469 4232 812 4307 Aegyptum
880 4248 1086 4289 versus
1153 4247 1221 4288 se
1287 4228 1555 4296 contulit,
1598 4227 1844 4303 penuria
1908 4225 2098 4285 victus
2151 4224 2257 4292 sib.
2325 4227 2362 4285 8
2419 4231 2468 4297 §-
2521 4225 2615 4303 1),
2684 4227 2895 4286 dicitur
2937 4244 3012 4284 eo
3055 4224 3355 4301 proiectus
3399 4243 3530 4284 esse
3575 4224 3878 4284 auditurus

471 4332 817 4391 sacerdotes
846 4330 1280 4409 Aegyptiacos,
1325 4328 1466 4403 quid
1508 4329 1789 4387 docerent
1830 4328 1905 4386 de
1936 4328 2102 4396 Deo;
2149 4326 2497 4402 disseritque
2541 4347 2675 4386 cum
2715 4328 2808 4400 iis,
2851 4327 3028 4386 docet
3072 4335 3362 4385 astrorum
3406 4335 3468 4384 et
3510 4343 3881 4385 numerorum

471 4432 870 4509 cognitionem
914 4427 1335 4512 (ἀστρονομίαν
1378 4428 1479 4490 καὶ
1519 4426 1973 4510 γεωμετρικὴν),
2037 4430 2582 4505 disputationesque
2622 4429 2889 4500 instituit,
2959 4429 3167 4504 quibus
3207 4446 3442 4504 semper
3479 4429 3671 4486 vietor
3713 4446 3882 4503 egre-

472 4533 643 4593 ditur.
734 4533 904 4594 Cave
948 4543 1146 4592 autem
1190 4532 1251 4590 id
1297 4531 1559 4592 fraudem
1602 4529 1852 4607 Josephi
1902 4540 2073 4605 putes
2118 4530 2217 4589 vel
2268 4530 2695 4589 inventionem:
2749 4531 2966 4606 quippe
3025 4530 3305 4588 creditum
3364 4529 3454 4587 his
3507 4528 3881 4602 temporibus.

473 4635 576 4694 Ad
618 4645 846 4693 tantam
890 4633 1296 4693 credulitatem
1340 4641 1578 4708 tamque
1623 4650 1869 4709 pravum
1911 4650 2121 4692 sacrae
2163 4632 2490 4706 scripturae
2533 4650 2704 4691 usum
2746 4650 2785 4690 a
2825 4631 3202 4707 simplicitate
3246 4649 3321 4690 ac
3366 4630 3616 4689 veritate
3661 4629 3882 4705 prisco·

473 4755 603 4796 rum
645 4736 941 4796 hominum
986 4736 1463 4813 degeneraverat
1501 4731 1751 4809 Josephi
1795 4741 1985 4793 aetas.

691 4994 755 5066 1)
799 4989 1098 5067 «Iosephus
1143 4991 1306 5050 addit
1349 4991 1453 5067 (ib.
1491 4997 1549 5091 ,5‘
1600 4993 1662 5060 1)
1707 4991 1766 5049 in
1810 4991 2103 5051 vocabulo
2146 4993 2377 5050 Tarsus
2422 4992 2619 5050 Theta
2674 4990 2874 5049 nescio
2929 4989 3222 5065 quomodo
3276 4988 3353 5046 ad
3395 5007 3607 5047 nomen
3651 4988 3884 5045 varian-

478 5076 614 5135 dum
669 5094 707 5135 a
752 5075 1029 5137 Cilicibus
1091 5095 1437 5135 conversum
1489 5077 1547 5135 in
1603 5077 1757 5135 Tau.
1844 5074 2020 5151 Quod
2070 5077 2130 5135 in
2193 5085 2364 5135 tanta
2412 5075 2875 5134 testimoniorum
2929 5076 3261 5151 paucitate,
3320 5091 3480 5161 quae
3534 5083 3767 5131 exstant
3812 5073 3885 5130 de

479 5162 739 5239 genuina
802 5181 1153 5239 graecarum
1217 5161 1518 5221 literarum
1581 5161 2063 5237 pronunciatione
2128 5161 2263 5221 ideo
2331 5162 2614 5221 adnotatu
2680 5180 2798 5220 non
2864 5178 3101 5236 prorsus
3165 5155 3480 5237 indignum
3525 5157 3713 5216 visum
3778 5168 3888 5230 est,

478 5248 753 5323 quoniam
794 5248 929 5308 inde
977 5248 1256 5320 efficitur,
1300 5248 1479 5308 etiam
1521 5245 1773 5323 Josephi
1815 5257 2015 5307 aetate
2056 5248 2167 5307 has
2208 5247 2413 5307 literas
2457 5247 2637 5324 vulgo
2681 5245 2859 5305 inisse
2902 5246 2962 5305 in
3004 5262 3273 5305 sermone
3316 5244 3634 5304 distinctas.

3368 5344 3470 5404 3⁴·
