<?xml version="1.0" encoding="UTF-8"?>
<!DOCTYPE html PUBLIC "-//W3C//DTD XHTML 1.0 Transitional//EN"
    "http://www.w3.org/TR/xhtml1/DTD/xhtml1-transitional.dtd">
<html xmlns="http://www.w3.org/1999/xhtml" xml:lang="en" lang="en">
 <head>
  <title>
</title>
<meta http-equiv="Content-Type" content="text/html;charset=utf-8" />
  <meta name='ocr-system' content='tesseract 3.04.00' />
  <meta name='ocr-capabilities' content='ocr_page ocr_carea ocr_par ocr_line ocrx_word'/>
</head>
<body>
  <div class='ocr_page' id='page_1' title='image "./zurffentlichenp00horkgoog_0011.png"; bbox 0 0 4159 6300; ppageno 0'>
   <div class='ocr_carea' id='block_1_1' title="bbox 2190 705 2235 770">
    <p class='ocr_par' dir='ltr' id='par_1_1' title="bbox 2190 705 2235 770">
     <span class='ocr_line' id='line_1_1' title="bbox 2190 705 2235 770; baseline 0 -2"><span class='ocrx_word' id='word_1_1' title='bbox 2190 705 2235 770; x_wconf 78' lang='lat'>7</span> 
     </span>
    </p>
   </div>
   <div class='ocr_carea' id='block_1_2' title="bbox 380 919 3925 5258">
    <p class='ocr_par' dir='ltr' id='par_1_2' title="bbox 474 919 3922 1098">
     <span class='ocr_line' id='line_1_2' title="bbox 479 919 3922 1003; baseline 0.003 -25"><span class='ocrx_word' id='word_1_2' title='bbox 479 919 611 997; x_wconf 84' lang='lat' dir='ltr'><strong>ejus</strong></span> <span class='ocrx_word' id='word_1_3' title='bbox 650 919 985 981; x_wconf 85' lang='lat' dir='ltr'><strong>sententiae</strong></span> <span class='ocrx_word' id='word_1_4' title='bbox 1029 923 1326 996; x_wconf 89' lang='lat' dir='ltr'><strong>permulta</strong></span> <span class='ocrx_word' id='word_1_5' title='bbox 1367 923 1651 981; x_wconf 89' lang='lat' dir='ltr'><strong>habemus</strong></span> <span class='ocrx_word' id='word_1_6' title='bbox 1699 937 2049 1001; x_wconf 83' lang='lat' dir='ltr'><strong>argumenta</strong></span> <span class='ocrx_word' id='word_1_7' title='bbox 2105 935 2166 984; x_wconf 89' lang='lat' dir='ltr'><strong>et</strong></span> <span class='ocrx_word' id='word_1_8' title='bbox 2212 928 2485 1003; x_wconf 84' lang='lat' dir='ltr'><strong>exempla</strong></span> <span class='ocrx_word' id='word_1_9' title='bbox 2530 925 2796 984; x_wconf 83' lang='lat' dir='ltr'><strong>omnibus</strong></span> <span class='ocrx_word' id='word_1_10' title='bbox 2850 926 2909 982; x_wconf 88' lang='lat' dir='ltr'><strong>in</strong></span> <span class='ocrx_word' id='word_1_11' title='bbox 2958 928 3374 997; x_wconf 77' lang='lat' dir='ltr'><strong>monumentis,</strong></span> <span class='ocrx_word' id='word_1_12' title='bbox 3421 945 3574 1001; x_wconf 90' lang='lat' dir='ltr'><strong>quae</strong></span> <span class='ocrx_word' id='word_1_13' title='bbox 3619 924 3922 1003; x_wconf 85' lang='lat' dir='ltr'><strong>Josephus</strong></span> 
     </span>
     <span class='ocr_line' id='line_1_3' title="bbox 474 1019 1037 1098; baseline 0 -18"><span class='ocrx_word' id='word_1_14' title='bbox 474 1021 732 1098; x_wconf 89' lang='lat' dir='ltr'><strong>posteris</strong></span> <span class='ocrx_word' id='word_1_15' title='bbox 776 1019 1037 1080; x_wconf 81' lang='lat' dir='ltr'><strong>tradidit.</strong></span> 
     </span>
    </p>

    <p class='ocr_par' dir='ltr' id='par_1_3' title="bbox 380 1123 3925 5258">
     <span class='ocr_line' id='line_1_4' title="bbox 685 1123 3919 1207; baseline 0.002 -25"><span class='ocrx_word' id='word_1_16' title='bbox 685 1123 845 1182; x_wconf 88' lang='lat' dir='ltr'><strong>Nam</strong></span> <span class='ocrx_word' id='word_1_17' title='bbox 915 1123 1023 1181; x_wconf 89' lang='lat' dir='ltr'><strong>sub</strong></span> <span class='ocrx_word' id='word_1_18' title='bbox 1091 1131 1283 1182; x_wconf 88' lang='lat' dir='ltr'><strong>ortum</strong></span> <span class='ocrx_word' id='word_1_19' title='bbox 1347 1124 1486 1183; x_wconf 90' lang='lat' dir='ltr'><strong>belli</strong></span> <span class='ocrx_word' id='word_1_20' title='bbox 1544 1124 1771 1199; x_wconf 89' lang='lat' dir='ltr'><strong>judaici</strong></span> <span class='ocrx_word' id='word_1_21' title='bbox 1838 1128 1895 1187; x_wconf 89' lang='lat' dir='ltr'><strong>in</strong></span> <span class='ocrx_word' id='word_1_22' title='bbox 1967 1127 2308 1189; x_wconf 89' lang='lat' dir='ltr'><strong>Galilaeam</strong></span> <span class='ocrx_word' id='word_1_23' title='bbox 2373 1129 2581 1187; x_wconf 85' lang='lat' dir='ltr'><strong>missus</strong></span> <span class='ocrx_word' id='word_1_24' title='bbox 2657 1137 2748 1185; x_wconf 89' lang='lat' dir='ltr'><strong>est</strong></span> <span class='ocrx_word' id='word_1_25' title='bbox 2815 1146 2850 1187; x_wconf 86' lang='lat' dir='ltr'><strong>a</strong></span> <span class='ocrx_word' id='word_1_26' title='bbox 2915 1128 3359 1207; x_wconf 80' lang='lat' dir='ltr'><strong>magistratibus</strong></span> <span class='ocrx_word' id='word_1_27' title='bbox 3425 1129 3919 1205; x_wconf 84' lang='lat' dir='ltr'><strong>Hierosolymita-</strong></span> 
     </span>
     <span class='ocr_line' id='line_1_5' title="bbox 472 1223 3920 1307; baseline 0.002 -27"><span class='ocrx_word' id='word_1_28' title='bbox 472 1223 598 1295; x_wconf 90' lang='lat' dir='ltr'><strong>nis,</strong></span> <span class='ocrx_word' id='word_1_29' title='bbox 666 1224 823 1301; x_wconf 91' lang='lat' dir='ltr'><strong>quod</strong></span> <span class='ocrx_word' id='word_1_30' title='bbox 873 1224 1208 1300; x_wconf 79' lang='lat' dir='ltr'><strong>synedrium</strong></span> <span class='ocrx_word' id='word_1_31' title='bbox 1267 1227 1710 1302; x_wconf 74' lang='lat' dir='ltr'>appellabatur,</span> <span class='ocrx_word' id='word_1_32' title='bbox 1766 1237 1968 1287; x_wconf 88' lang='lat' dir='ltr'><strong>vetere</strong></span> <span class='ocrx_word' id='word_1_33' title='bbox 2037 1229 2397 1289; x_wconf 71' lang='lat' dir='ltr'><strong>Indaeorum</strong></span> <span class='ocrx_word' id='word_1_34' title='bbox 2472 1247 2635 1287; x_wconf 89' lang='lat' dir='ltr'><strong>more</strong></span> <span class='ocrx_word' id='word_1_35' title='bbox 2701 1248 2778 1287; x_wconf 83' lang='lat' dir='ltr'><strong>ex</strong></span> <span class='ocrx_word' id='word_1_36' title='bbox 2855 1229 3237 1307; x_wconf 71' lang='lat' dir='ltr'><strong>septuaginta</strong></span> <span class='ocrx_word' id='word_1_37' title='bbox 3297 1228 3437 1288; x_wconf 84' lang='lat' dir='ltr'><strong>viris</strong></span> <span class='ocrx_word' id='word_1_38' title='bbox 3501 1230 3920 1304; x_wconf 77' lang='lat' dir='ltr'><strong>compositum,</strong></span> 
     </span>
     <span class='ocr_line' id='line_1_6' title="bbox 473 1324 3924 1405; baseline 0.002 -22"><span class='ocrx_word' id='word_1_39' title='bbox 473 1324 644 1402; x_wconf 73' lang='lat' dir='ltr'><strong>cnjus</strong></span> <span class='ocrx_word' id='word_1_40' title='bbox 719 1325 884 1397; x_wconf 91' lang='lat' dir='ltr'><strong>olim,</strong></span> <span class='ocrx_word' id='word_1_41' title='bbox 948 1326 1083 1384; x_wconf 89' lang='lat' dir='ltr'><strong>dum</strong></span> <span class='ocrx_word' id='word_1_42' title='bbox 1172 1327 1442 1386; x_wconf 88' lang='lat' dir='ltr'><strong>libertate</strong></span> <span class='ocrx_word' id='word_1_43' title='bbox 1520 1328 1895 1403; x_wconf 77' lang='lat' dir='ltr'><strong>fruebantur,</strong></span> <span class='ocrx_word' id='word_1_44' title='bbox 1971 1348 2206 1389; x_wconf 88' lang='lat' dir='ltr'><strong>summa</strong></span> <span class='ocrx_word' id='word_1_45' title='bbox 2304 1330 2362 1387; x_wconf 90' lang='lat' dir='ltr'><strong>in</strong></span> <span class='ocrx_word' id='word_1_46' title='bbox 2438 1330 2742 1405; x_wconf 83' lang='lat' dir='ltr'><strong>republica</strong></span> <span class='ocrx_word' id='word_1_47' title='bbox 2818 1330 3141 1389; x_wconf 85' lang='lat' dir='ltr'><strong>auctoritas</strong></span> <span class='ocrx_word' id='word_1_48' title='bbox 3226 1329 3445 1401; x_wconf 79' lang='lat' dir='ltr'><strong>luerat,</strong></span> <span class='ocrx_word' id='word_1_49' title='bbox 3534 1348 3686 1388; x_wconf 86' lang='lat' dir='ltr'><strong>nunc</strong></span> <span class='ocrx_word' id='word_1_50' title='bbox 3783 1349 3924 1389; x_wconf 80' lang='lat' dir='ltr'><strong>vero</strong></span> 
     </span>
     <span class='ocr_line' id='line_1_7' title="bbox 473 1427 3925 1509; baseline 0.002 -26"><span class='ocrx_word' id='word_1_51' title='bbox 473 1427 741 1503; x_wconf 88' lang='lat' dir='ltr'><strong>potentia</strong></span> <span class='ocrx_word' id='word_1_52' title='bbox 806 1427 967 1486; x_wconf 89' lang='lat' dir='ltr'><strong>haud</strong></span> <span class='ocrx_word' id='word_1_53' title='bbox 1018 1427 1285 1504; x_wconf 84' lang='lat' dir='ltr'><strong>legitima</strong></span> <span class='ocrx_word' id='word_1_54' title='bbox 1356 1438 1417 1489; x_wconf 89' lang='lat' dir='ltr'><strong>et</strong></span> <span class='ocrx_word' id='word_1_55' title='bbox 1481 1438 1689 1489; x_wconf 82' lang='lat' dir='ltr'><strong>eontra</strong></span> <span class='ocrx_word' id='word_1_56' title='bbox 1752 1431 1927 1506; x_wconf 87' lang='lat' dir='ltr'><strong>jussa</strong></span> <span class='ocrx_word' id='word_1_57' title='bbox 2002 1432 2408 1491; x_wconf 82' lang='lat' dir='ltr'><strong>Romanorum</strong></span> <span class='ocrx_word' id='word_1_58' title='bbox 2464 1441 2704 1508; x_wconf 88' lang='lat' dir='ltr'><strong>arrepta</strong></span> <span class='ocrx_word' id='word_1_59' title='bbox 2774 1432 2871 1489; x_wconf 85' lang='lat' dir='ltr'><strong>vel</strong></span> <span class='ocrx_word' id='word_1_60' title='bbox 2943 1432 3131 1509; x_wconf 90' lang='lat' dir='ltr'><strong>plebis</strong></span> <span class='ocrx_word' id='word_1_61' title='bbox 3189 1449 3478 1489; x_wconf 86' lang='lat' dir='ltr'><strong>consensu</strong></span> <span class='ocrx_word' id='word_1_62' title='bbox 3548 1432 3708 1489; x_wconf 88' lang='lat' dir='ltr'><strong>data.</strong></span> <span class='ocrx_word' id='word_1_63' title='bbox 3797 1433 3925 1489; x_wconf 88' lang='lat' dir='ltr'><strong>Nu-</strong></span> 
     </span>
     <span class='ocr_line' id='line_1_8' title="bbox 470 1530 3922 1608; baseline 0.001 -23"><span class='ocrx_word' id='word_1_64' title='bbox 470 1544 666 1585; x_wconf 82' lang='lat' dir='ltr'><strong>merus</strong></span> <span class='ocrx_word' id='word_1_65' title='bbox 712 1537 913 1587; x_wconf 89' lang='lat' dir='ltr'><strong>autem</strong></span> <span class='ocrx_word' id='word_1_66' title='bbox 955 1532 1332 1604; x_wconf 82' lang='lat' dir='ltr'><strong>septenarius</strong></span> <span class='ocrx_word' id='word_1_67' title='bbox 1378 1531 1615 1606; x_wconf 89' lang='lat' dir='ltr'><strong>saepius</strong></span> <span class='ocrx_word' id='word_1_68' title='bbox 1686 1532 1846 1608; x_wconf 89' lang='lat' dir='ltr'><strong>apud</strong></span> <span class='ocrx_word' id='word_1_69' title='bbox 1917 1530 2189 1591; x_wconf 80' lang='lat' dir='ltr'><strong>Judaeos</strong></span> <span class='ocrx_word' id='word_1_70' title='bbox 2271 1534 2562 1591; x_wconf 86' lang='lat' dir='ltr'><strong>invenitur</strong></span> <span class='ocrx_word' id='word_1_71' title='bbox 2618 1545 2679 1591; x_wconf 87' lang='lat' dir='ltr'><strong>et</strong></span> <span class='ocrx_word' id='word_1_72' title='bbox 2741 1542 2982 1591; x_wconf 83' lang='lat' dir='ltr'><strong>sanctus</strong></span> <span class='ocrx_word' id='word_1_73' title='bbox 3049 1532 3220 1606; x_wconf 82' lang='lat' dir='ltr'><strong>quasi</strong></span> <span class='ocrx_word' id='word_1_74' title='bbox 3281 1533 3514 1591; x_wconf 82' lang='lat' dir='ltr'><strong>habitus</strong></span> <span class='ocrx_word' id='word_1_75' title='bbox 3582 1550 3713 1589; x_wconf 86' lang='lat' dir='ltr'><strong>esse</strong></span> <span class='ocrx_word' id='word_1_76' title='bbox 3758 1533 3922 1591; x_wconf 88' lang='lat' dir='ltr'><strong>vide·</strong></span> 
     </span>
     <span class='ocr_line' id='line_1_9' title="bbox 468 1628 3920 1709; baseline 0.001 -24"><span class='ocrx_word' id='word_1_77' title='bbox 468 1636 593 1699; x_wconf 87' lang='lat' dir='ltr'><strong>tur,</strong></span> <span class='ocrx_word' id='word_1_78' title='bbox 656 1628 719 1689; x_wconf 87' lang='lat' dir='ltr'><strong>id</strong></span> <span class='ocrx_word' id='word_1_79' title='bbox 778 1630 936 1705; x_wconf 88' lang='lat' dir='ltr'><strong>quod</strong></span> <span class='ocrx_word' id='word_1_80' title='bbox 1008 1640 1228 1699; x_wconf 89' lang='lat' dir='ltr'><strong>ortum,</strong></span> <span class='ocrx_word' id='word_1_81' title='bbox 1300 1641 1362 1689; x_wconf 91' lang='lat' dir='ltr'><strong>ut</strong></span> <span class='ocrx_word' id='word_1_82' title='bbox 1449 1632 1635 1691; x_wconf 85' lang='lat' dir='ltr'><strong>omnis</strong></span> <span class='ocrx_word' id='word_1_83' title='bbox 1711 1652 1914 1691; x_wconf 89' lang='lat' dir='ltr'><strong>eorum</strong></span> <span class='ocrx_word' id='word_1_84' title='bbox 1977 1634 2281 1709; x_wconf 85' lang='lat' dir='ltr'><strong>sapientia</strong></span> <span class='ocrx_word' id='word_1_85' title='bbox 2347 1644 2407 1691; x_wconf 88' lang='lat' dir='ltr'><strong>et</strong></span> <span class='ocrx_word' id='word_1_86' title='bbox 2470 1634 2748 1705; x_wconf 77' lang='lat' dir='ltr'><strong>eruditio,</strong></span> <span class='ocrx_word' id='word_1_87' title='bbox 2816 1653 2890 1691; x_wconf 84' lang='lat' dir='ltr'><strong>ex</strong></span> <span class='ocrx_word' id='word_1_88' title='bbox 2967 1634 3125 1691; x_wconf 90' lang='lat' dir='ltr'><strong>Mosi</strong></span> <span class='ocrx_word' id='word_1_89' title='bbox 3203 1633 3339 1709; x_wconf 90' lang='lat' dir='ltr'><strong>lege</strong></span> <span class='ocrx_word' id='word_1_90' title='bbox 3415 1645 3474 1690; x_wconf 90' lang='lat' dir='ltr'><strong>et</strong></span> <span class='ocrx_word' id='word_1_91' title='bbox 3559 1634 3755 1703; x_wconf 84' lang='lat' dir='ltr'><strong>libris,</strong></span> <span class='ocrx_word' id='word_1_92' title='bbox 3825 1635 3920 1691; x_wconf 91' lang='lat' dir='ltr'><strong>ubi</strong></span> 
     </span>
     <span class='ocr_line' id='line_1_10' title="bbox 380 1726 3918 1810; baseline 0.002 -22"><span class='ocrx_word' id='word_1_93' title='bbox 380 1726 395 1733; x_wconf 71' lang='grc'><em>“</em></span> <span class='ocrx_word' id='word_1_94' title='bbox 466 1730 753 1804; x_wconf 87' lang='lat' dir='ltr'><strong>septimus</strong></span> <span class='ocrx_word' id='word_1_95' title='bbox 826 1732 979 1803; x_wconf 79' lang='lat' dir='ltr'><strong>dies,</strong></span> <span class='ocrx_word' id='word_1_96' title='bbox 1054 1750 1170 1807; x_wconf 93' lang='lat' dir='ltr'><strong>quo</strong></span> <span class='ocrx_word' id='word_1_97' title='bbox 1248 1733 1394 1792; x_wconf 85' lang='lat' dir='ltr'><strong>deus</strong></span> <span class='ocrx_word' id='word_1_98' title='bbox 1470 1743 1707 1793; x_wconf 85' lang='lat' dir='ltr'><strong>creator</strong></span> <span class='ocrx_word' id='word_1_99' title='bbox 1786 1734 2020 1810; x_wconf 83' lang='lat' dir='ltr'><strong>quiesse</strong></span> <span class='ocrx_word' id='word_1_100' title='bbox 2103 1735 2442 1804; x_wconf 78' lang='lat' dir='ltr'><strong>dicebatur,</strong></span> <span class='ocrx_word' id='word_1_101' title='bbox 2539 1744 2779 1794; x_wconf 84' lang='lat' dir='ltr'><strong>sanctus</strong></span> <span class='ocrx_word' id='word_1_102' title='bbox 2859 1744 3230 1810; x_wconf 87' lang='lat' dir='ltr'><strong>nuncupatus</strong></span> <span class='ocrx_word' id='word_1_103' title='bbox 3301 1743 3408 1793; x_wconf 88' lang='lat' dir='ltr'><strong>est.</strong></span> <span class='ocrx_word' id='word_1_104' title='bbox 3520 1736 3664 1793; x_wconf 85' lang='lat' dir='ltr'><strong>Inde</strong></span> <span class='ocrx_word' id='word_1_105' title='bbox 3740 1735 3918 1794; x_wconf 88' lang='lat' dir='ltr'><strong>etiam</strong></span> 
     </span>
     <span class='ocr_line' id='line_1_11' title="bbox 466 1830 3918 1911; baseline 0.002 -24"><span class='ocrx_word' id='word_1_106' title='bbox 466 1830 640 1905; x_wconf 79' lang='lat' dir='ltr'><strong>hujus</strong></span> <span class='ocrx_word' id='word_1_107' title='bbox 706 1832 966 1908; x_wconf 83' lang='lat' dir='ltr'><strong>synedrii</strong></span> <span class='ocrx_word' id='word_1_108' title='bbox 1031 1834 1292 1891; x_wconf 91' lang='lat' dir='ltr'><strong>membra</strong></span> <span class='ocrx_word' id='word_1_109' title='bbox 1364 1835 1602 1910; x_wconf 86' lang='lat' dir='ltr'><strong>singula</strong></span> <span class='ocrx_word' id='word_1_110' title='bbox 1685 1853 1958 1911; x_wconf 89' lang='lat' dir='ltr'><strong>quaeque</strong></span> <span class='ocrx_word' id='word_1_111' title='bbox 2060 1855 2098 1893; x_wconf 89' lang='lat' dir='ltr'><strong>a</strong></span> <span class='ocrx_word' id='word_1_112' title='bbox 2173 1836 2334 1894; x_wconf 88' lang='lat' dir='ltr'><strong>libris</strong></span> <span class='ocrx_word' id='word_1_113' title='bbox 2410 1836 2752 1908; x_wconf 89' lang='lat' dir='ltr'><strong>rabbinicis,</strong></span> <span class='ocrx_word' id='word_1_114' title='bbox 2827 1853 2949 1910; x_wconf 89' lang='lat' dir='ltr'><strong>qua</strong></span> <span class='ocrx_word' id='word_1_115' title='bbox 3024 1844 3162 1893; x_wconf 88' lang='lat' dir='ltr'><strong>sunt</strong></span> <span class='ocrx_word' id='word_1_116' title='bbox 3237 1835 3536 1909; x_wconf 85' lang='lat' dir='ltr'><strong>jactantia</strong></span> <span class='ocrx_word' id='word_1_117' title='bbox 3610 1854 3918 1911; x_wconf 80' lang='lat' dir='ltr'><strong>rerumque</strong></span> 
     </span>
     <span class='ocr_line' id='line_1_12' title="bbox 468 1932 3916 2014; baseline 0.001 -25"><span class='ocrx_word' id='word_1_118' title='bbox 468 1932 840 2008; x_wconf 80' lang='lat' dir='ltr'><strong>ignorantia,</strong></span> <span class='ocrx_word' id='word_1_119' title='bbox 935 1934 1322 2011; x_wconf 81' lang='lat' dir='ltr'><strong>septuaginta</strong></span> <span class='ocrx_word' id='word_1_120' title='bbox 1399 1937 1732 2013; x_wconf 85' lang='lat' dir='ltr'><strong>linguarum</strong></span> <span class='ocrx_word' id='word_1_121' title='bbox 1816 1937 2251 2013; x_wconf 88' lang='lat' dir='ltr'><strong>cognitionem,</strong></span> <span class='ocrx_word' id='word_1_122' title='bbox 2331 1949 2570 2014; x_wconf 87' lang='lat' dir='ltr'><strong>praeter</strong></span> <span class='ocrx_word' id='word_1_123' title='bbox 2657 1937 2964 1997; x_wconf 85' lang='lat' dir='ltr'><strong>scientiam</strong></span> <span class='ocrx_word' id='word_1_124' title='bbox 3038 1955 3232 1994; x_wconf 89' lang='lat' dir='ltr'><strong>rerum</strong></span> <span class='ocrx_word' id='word_1_125' title='bbox 3293 1938 3674 2005; x_wconf 84' lang='lat' dir='ltr'><strong>naturalium,</strong></span> <span class='ocrx_word' id='word_1_126' title='bbox 3737 1936 3916 1994; x_wconf 89' lang='lat' dir='ltr'><strong>medi·</strong></span> 
     </span>
     <span class='ocr_line' id='line_1_13' title="bbox 466 2033 3919 2114; baseline 0.001 -22"><span class='ocrx_word' id='word_1_127' title='bbox 466 2033 677 2107; x_wconf 82' lang='lat' dir='ltr'><strong>cinae,</strong></span> <span class='ocrx_word' id='word_1_128' title='bbox 735 2044 1024 2093; x_wconf 86' lang='lat' dir='ltr'><strong>astrorum</strong></span> <span class='ocrx_word' id='word_1_129' title='bbox 1076 2037 1350 2095; x_wconf 85' lang='lat' dir='ltr'><strong>babuisse</strong></span> <span class='ocrx_word' id='word_1_130' title='bbox 1396 2037 1667 2095; x_wconf 89' lang='lat' dir='ltr'><strong>dicuntur</strong></span> <span class='ocrx_word' id='word_1_131' title='bbox 1711 2034 1881 2112; x_wconf 83' lang='lat' dir='ltr'><strong>(Jost</strong></span> <span class='ocrx_word' id='word_1_132' title='bbox 1921 2038 1982 2109; x_wconf 90' lang='lat' dir='ltr'><strong>I,</strong></span> <span class='ocrx_word' id='word_1_133' title='bbox 2038 2042 2170 2109; x_wconf 72' lang='lat'><strong>49).</strong></span> <span class='ocrx_word' id='word_1_134' title='bbox 2257 2041 2352 2098; x_wconf 81' lang='lat' dir='ltr'><strong>Ex</strong></span> <span class='ocrx_word' id='word_1_135' title='bbox 2410 2042 2618 2099; x_wconf 87' lang='lat' dir='ltr'><strong>eodem</strong></span> <span class='ocrx_word' id='word_1_136' title='bbox 2674 2039 2835 2097; x_wconf 73' lang='lat' dir='ltr'><strong>fonte</strong></span> <span class='ocrx_word' id='word_1_137' title='bbox 2893 2038 3132 2096; x_wconf 85' lang='lat' dir='ltr'><strong>fluxisse</strong></span> <span class='ocrx_word' id='word_1_138' title='bbox 3185 2047 3330 2112; x_wconf 87' lang='lat' dir='ltr'><strong>puto</strong></span> <span class='ocrx_word' id='word_1_139' title='bbox 3378 2038 3450 2095; x_wconf 88' lang='lat' dir='ltr'><strong>de</strong></span> <span class='ocrx_word' id='word_1_140' title='bbox 3535 2038 3919 2114; x_wconf 84' lang='lat' dir='ltr'><strong>septuaginta</strong></span> 
     </span>
     <span class='ocr_line' id='line_1_14' title="bbox 466 2136 3916 2211; baseline 0.001 -16"><span class='ocrx_word' id='word_1_141' title='bbox 466 2136 887 2211; x_wconf 81' lang='lat' dir='ltr'><strong>interpretibus</strong></span> <span class='ocrx_word' id='word_1_142' title='bbox 969 2138 1277 2197; x_wconf 86' lang='lat' dir='ltr'><strong>bibliorum</strong></span> <span class='ocrx_word' id='word_1_143' title='bbox 1372 2156 1675 2197; x_wconf 88' lang='lat' dir='ltr'><strong>sacrorum</strong></span> <span class='ocrx_word' id='word_1_144' title='bbox 1764 2139 2185 2197; x_wconf 81' lang='lat' dir='ltr'><strong>Alexandrinis</strong></span> <span class='ocrx_word' id='word_1_145' title='bbox 2246 2141 2508 2200; x_wconf 74' lang='lat' dir='ltr'><strong>fabulam</strong></span> <span class='ocrx_word' id='word_1_146' title='bbox 2596 2141 2992 2208; x_wconf 84' lang='lat' dir='ltr'><strong>notissimam,</strong></span> <span class='ocrx_word' id='word_1_147' title='bbox 3077 2149 3144 2196; x_wconf 88' lang='lat' dir='ltr'><strong>ut</strong></span> <span class='ocrx_word' id='word_1_148' title='bbox 3246 2139 3472 2200; x_wconf 85' lang='lat' dir='ltr'><strong>scilicet</strong></span> <span class='ocrx_word' id='word_1_149' title='bbox 3551 2140 3771 2199; x_wconf 82' lang='lat' dir='ltr'><strong>Judaei</strong></span> <span class='ocrx_word' id='word_1_150' title='bbox 3859 2140 3916 2197; x_wconf 91' lang='lat' dir='ltr'><strong>iu</strong></span> 
     </span>
     <span class='ocr_line' id='line_1_15' title="bbox 464 2238 3914 2319; baseline 0.001 -22"><span class='ocrx_word' id='word_1_151' title='bbox 464 2239 811 2314; x_wconf 83' lang='lat' dir='ltr'><strong>Aegyptum</strong></span> <span class='ocrx_word' id='word_1_152' title='bbox 879 2238 1212 2314; x_wconf 83' lang='lat' dir='ltr'><strong>transjecti,</strong></span> <span class='ocrx_word' id='word_1_153' title='bbox 1313 2241 1412 2316; x_wconf 91' lang='lat' dir='ltr'><strong>qui</strong></span> <span class='ocrx_word' id='word_1_154' title='bbox 1493 2241 1748 2316; x_wconf 87' lang='lat' dir='ltr'><strong>patrium</strong></span> <span class='ocrx_word' id='word_1_155' title='bbox 1854 2258 2186 2299; x_wconf 88' lang='lat' dir='ltr'><strong>sermonem</strong></span> <span class='ocrx_word' id='word_1_156' title='bbox 2272 2242 2393 2301; x_wconf 83' lang='lat' dir='ltr'><strong>fere</strong></span> <span class='ocrx_word' id='word_1_157' title='bbox 2488 2243 2652 2301; x_wconf 85' lang='lat' dir='ltr'><strong>obliti</strong></span> <span class='ocrx_word' id='word_1_158' title='bbox 2748 2252 2942 2319; x_wconf 75' lang='lat' dir='ltr'><strong>eraut,</strong></span> <span class='ocrx_word' id='word_1_159' title='bbox 3044 2241 3139 2298; x_wconf 89' lang='lat' dir='ltr'><strong>isti</strong></span> <span class='ocrx_word' id='word_1_160' title='bbox 3228 2241 3709 2316; x_wconf 86' lang='lat' dir='ltr'><strong>interpretationi</strong></span> <span class='ocrx_word' id='word_1_161' title='bbox 3793 2260 3914 2299; x_wconf 89' lang='lat' dir='ltr'><strong>ma·</strong></span> 
     </span>
     <span class='ocr_line' id='line_1_16' title="bbox 458 2337 3912 2419; baseline 0.001 -23"><span class='ocrx_word' id='word_1_162' title='bbox 458 2337 657 2413; x_wconf 87' lang='lat' dir='ltr'><strong>jorem</strong></span> <span class='ocrx_word' id='word_1_163' title='bbox 727 2341 1142 2400; x_wconf 88' lang='lat' dir='ltr'><strong>auctoritatem</strong></span> <span class='ocrx_word' id='word_1_164' title='bbox 1210 2342 1640 2413; x_wconf 86' lang='lat' dir='ltr'><strong>adtribuerent,</strong></span> <span class='ocrx_word' id='word_1_165' title='bbox 1724 2350 1930 2416; x_wconf 87' lang='lat' dir='ltr'><strong>utpote</strong></span> <span class='ocrx_word' id='word_1_166' title='bbox 2008 2362 2045 2400; x_wconf 88' lang='lat' dir='ltr'><strong>a</strong></span> <span class='ocrx_word' id='word_1_167' title='bbox 2118 2361 2345 2402; x_wconf 91' lang='lat' dir='ltr'><strong>summo</strong></span> <span class='ocrx_word' id='word_1_168' title='bbox 2426 2353 2666 2415; x_wconf 88' lang='lat' dir='ltr'><strong>senatu,</strong></span> <span class='ocrx_word' id='word_1_169' title='bbox 2765 2362 2802 2400; x_wconf 86' lang='lat' dir='ltr'><strong>a</strong></span> <span class='ocrx_word' id='word_1_170' title='bbox 2873 2342 3150 2419; x_wconf 89' lang='lat' dir='ltr'><strong>synedrio</strong></span> <span class='ocrx_word' id='word_1_171' title='bbox 3240 2341 3501 2417; x_wconf 89' lang='lat' dir='ltr'><strong>legitimo</strong></span> <span class='ocrx_word' id='word_1_172' title='bbox 3584 2342 3912 2400; x_wconf 80' lang='lat' dir='ltr'><strong>coniectae.</strong></span> 
     </span>
     <span class='ocr_line' id='line_1_17' title="bbox 467 2437 3912 2525; baseline 0 -26"><span class='ocrx_word' id='word_1_173' title='bbox 467 2437 876 2499; x_wconf 84' lang='lat' dir='ltr'><strong>Galilaeorum</strong></span> <span class='ocrx_word' id='word_1_174' title='bbox 922 2443 1100 2501; x_wconf 88' lang='lat' dir='ltr'><strong>etiam</strong></span> <span class='ocrx_word' id='word_1_175' title='bbox 1142 2444 1433 2518; x_wconf 85' lang='lat' dir='ltr'><strong>principes</strong></span> <span class='ocrx_word' id='word_1_176' title='bbox 1478 2439 1618 2523; x_wconf 85' lang='grc' dir='ltr'>(τῶν</span> <span class='ocrx_word' id='word_1_177' title='bbox 1664 2438 1727 2500; x_wconf 84' lang='grc' dir='ltr'><strong>ἐν</strong></span> <span class='ocrx_word' id='word_1_178' title='bbox 1770 2437 1928 2501; x_wconf 82' lang='grc' dir='ltr'>τέλει</span> <span class='ocrx_word' id='word_1_179' title='bbox 1969 2444 2096 2503; x_wconf 85' lang='lat' dir='ltr'><strong>vita</strong></span> <span class='ocrx_word' id='word_1_180' title='bbox 2141 2451 2189 2515; x_wconf 66' lang='grc' dir='ltr'><strong>ξ.</strong></span> <span class='ocrx_word' id='word_1_181' title='bbox 2241 2440 2378 2525; x_wconf 77' lang='grc'>14),</span> <span class='ocrx_word' id='word_1_182' title='bbox 2436 2465 2614 2521; x_wconf 89' lang='lat' dir='ltr'><strong>quum</strong></span> <span class='ocrx_word' id='word_1_183' title='bbox 2669 2443 2970 2519; x_wconf 83' lang='lat' dir='ltr'><strong>Josephus</strong></span> <span class='ocrx_word' id='word_1_184' title='bbox 3026 2444 3084 2501; x_wconf 88' lang='lat' dir='ltr'><strong>in</strong></span> <span class='ocrx_word' id='word_1_185' title='bbox 3141 2462 3276 2501; x_wconf 91' lang='lat' dir='ltr'><strong>eam</strong></span> <span class='ocrx_word' id='word_1_186' title='bbox 3320 2443 3684 2518; x_wconf 81' lang='lat' dir='ltr'><strong>provinciam</strong></span> <span class='ocrx_word' id='word_1_187' title='bbox 3729 2443 3912 2513; x_wconf 84' lang='lat' dir='ltr'><strong>veuit,</strong></span> 
     </span>
     <span class='ocr_line' id='line_1_18' title="bbox 464 2542 3911 2624; baseline 0 -25"><span class='ocrx_word' id='word_1_188' title='bbox 464 2550 603 2599; x_wconf 88' lang='lat' dir='ltr'><strong>sunt</strong></span> <span class='ocrx_word' id='word_1_189' title='bbox 642 2543 1038 2619; x_wconf 84' lang='lat' dir='ltr'><strong>septuaginta.</strong></span> <span class='ocrx_word' id='word_1_190' title='bbox 1127 2545 1224 2605; x_wconf 87' lang='lat' dir='ltr'><strong>Ad</strong></span> <span class='ocrx_word' id='word_1_191' title='bbox 1268 2545 1568 2603; x_wconf 87' lang='lat' dir='ltr'><strong>Neronem</strong></span> <span class='ocrx_word' id='word_1_192' title='bbox 1612 2542 1832 2602; x_wconf 83' lang='lat' dir='ltr'><strong>Judaei</strong></span> <span class='ocrx_word' id='word_1_193' title='bbox 1875 2545 2109 2603; x_wconf 88' lang='lat' dir='ltr'><strong>mittunt</strong></span> <span class='ocrx_word' id='word_1_194' title='bbox 2161 2547 2397 2624; x_wconf 88' lang='lat' dir='ltr'><strong>legatos</strong></span> <span class='ocrx_word' id='word_1_195' title='bbox 2452 2549 2533 2606; x_wconf 85' lang='lat'><strong>70</strong></span> <span class='ocrx_word' id='word_1_196' title='bbox 2601 2547 2699 2624; x_wconf 91' lang='lat' dir='ltr'><strong>(b.</strong></span> <span class='ocrx_word' id='word_1_197' title='bbox 2735 2546 2785 2621; x_wconf 90' lang='lat' dir='ltr'><strong>j.</strong></span> <span class='ocrx_word' id='word_1_198' title='bbox 2831 2547 2912 2604; x_wconf 93' lang='grc' dir='ltr'><strong>ΙΙ.</strong></span> <span class='ocrx_word' id='word_1_199' title='bbox 2963 2547 3060 2616; x_wconf 88' lang='grc'><strong>9).</strong></span> <span class='ocrx_word' id='word_1_200' title='bbox 3150 2542 3552 2620; x_wconf 85' lang='lat' dir='ltr'><strong>Septuaginta</strong></span> <span class='ocrx_word' id='word_1_201' title='bbox 3595 2543 3911 2618; x_wconf 88' lang='lat' dir='ltr'><strong>discipulos</strong></span> 
     </span>
     <span class='ocr_line' id='line_1_19' title="bbox 468 2640 3910 2725; baseline 0 -24"><span class='ocrx_word' id='word_1_202' title='bbox 468 2640 576 2701; x_wconf 87' lang='lat' dir='ltr'><strong>sibi</strong></span> <span class='ocrx_word' id='word_1_203' title='bbox 620 2644 802 2719; x_wconf 88' lang='lat' dir='ltr'><strong>elegit</strong></span> <span class='ocrx_word' id='word_1_204' title='bbox 849 2643 1132 2705; x_wconf 72' lang='lat' dir='ltr'><strong>Christus.</strong></span> <span class='ocrx_word' id='word_1_205' title='bbox 1218 2646 1601 2706; x_wconf 87' lang='lat' dir='ltr'><strong>Posterorum</strong></span> <span class='ocrx_word' id='word_1_206' title='bbox 1644 2643 1859 2704; x_wconf 80' lang='lat' dir='ltr'><strong>Jacobi</strong></span> <span class='ocrx_word' id='word_1_207' title='bbox 1902 2648 1962 2705; x_wconf 89' lang='lat' dir='ltr'><strong>iu</strong></span> <span class='ocrx_word' id='word_1_208' title='bbox 2005 2649 2354 2724; x_wconf 81' lang='lat' dir='ltr'><strong>Aegyptum</strong></span> <span class='ocrx_word' id='word_1_209' title='bbox 2396 2649 2820 2725; x_wconf 88' lang='lat' dir='ltr'><strong>transmigrant</strong></span> <span class='ocrx_word' id='word_1_210' title='bbox 2865 2647 2978 2715; x_wconf 89' lang='grc'><strong>70;</strong></span> <span class='ocrx_word' id='word_1_211' title='bbox 3034 2654 3096 2703; x_wconf 89' lang='lat' dir='ltr'><strong>et</strong></span> <span class='ocrx_word' id='word_1_212' title='bbox 3139 2664 3295 2720; x_wconf 87' lang='lat' dir='ltr'><strong>quae</strong></span> <span class='ocrx_word' id='word_1_213' title='bbox 3339 2654 3474 2703; x_wconf 90' lang='lat' dir='ltr'><strong>sunt</strong></span> <span class='ocrx_word' id='word_1_214' title='bbox 3522 2645 3689 2718; x_wconf 88' lang='lat' dir='ltr'><strong>plura</strong></span> <span class='ocrx_word' id='word_1_215' title='bbox 3735 2643 3910 2717; x_wconf 87' lang='lat' dir='ltr'><strong>hujus</strong></span> 
     </span>
     <span class='ocr_line' id='line_1_20' title="bbox 468 2744 3911 2825; baseline 0.001 -25"><span class='ocrx_word' id='word_1_216' title='bbox 468 2744 724 2819; x_wconf 85' lang='lat' dir='ltr'><strong>generis.</strong></span> <span class='ocrx_word' id='word_1_217' title='bbox 811 2745 934 2805; x_wconf 87' lang='lat' dir='ltr'><strong>Sed</strong></span> <span class='ocrx_word' id='word_1_218' title='bbox 977 2747 1137 2821; x_wconf 88' lang='lat' dir='ltr'><strong>quod</strong></span> <span class='ocrx_word' id='word_1_219' title='bbox 1179 2744 1317 2807; x_wconf 83' lang='lat' dir='ltr'><strong>Jost</strong></span> <span class='ocrx_word' id='word_1_220' title='bbox 1361 2749 1424 2823; x_wconf 88' lang='lat' dir='ltr'><strong>(l.</strong></span> <span class='ocrx_word' id='word_1_221' title='bbox 1471 2747 1555 2821; x_wconf 88' lang='lat' dir='ltr'><strong>c.)</strong></span> <span class='ocrx_word' id='word_1_222' title='bbox 1599 2748 1740 2805; x_wconf 86' lang='lat' dir='ltr'><strong>dicit</strong></span> <span class='ocrx_word' id='word_1_223' title='bbox 1778 2767 1855 2805; x_wconf 83' lang='lat' dir='ltr'><strong>ex</strong></span> <span class='ocrx_word' id='word_1_224' title='bbox 1901 2749 1978 2805; x_wconf 84' lang='lat'><strong>71</strong></span> <span class='ocrx_word' id='word_1_225' title='bbox 2029 2748 2302 2807; x_wconf 86' lang='lat' dir='ltr'><strong>membris</strong></span> <span class='ocrx_word' id='word_1_226' title='bbox 2345 2750 2457 2809; x_wconf 90' lang='lat' dir='ltr'><strong>hoc</strong></span> <span class='ocrx_word' id='word_1_227' title='bbox 2487 2749 2826 2825; x_wconf 83' lang='lat' dir='ltr'><strong>synedrium</strong></span> <span class='ocrx_word' id='word_1_228' title='bbox 2873 2747 3236 2817; x_wconf 86' lang='lat' dir='ltr'><strong>constitisse,</strong></span> <span class='ocrx_word' id='word_1_229' title='bbox 3281 2763 3456 2802; x_wconf 88' lang='lat' dir='ltr'><strong>unum</strong></span> <span class='ocrx_word' id='word_1_230' title='bbox 3507 2746 3682 2803; x_wconf 89' lang='lat' dir='ltr'><strong>istum</strong></span> <span class='ocrx_word' id='word_1_231' title='bbox 3727 2744 3911 2803; x_wconf 78' lang='lat' dir='ltr'><strong>fuisse</strong></span> 
     </span>
     <span class='ocr_line' id='line_1_21' title="bbox 462 2845 3912 2926; baseline 0.001 -26"><span class='ocrx_word' id='word_1_232' title='bbox 462 2853 660 2919; x_wconf 89' lang='lat' dir='ltr'><strong>putem</strong></span> <span class='ocrx_word' id='word_1_233' title='bbox 706 2847 883 2920; x_wconf 88' lang='lat' dir='ltr'><strong>priori</strong></span> <span class='ocrx_word' id='word_1_234' title='bbox 930 2855 1194 2923; x_wconf 84' lang='lat' dir='ltr'><strong>tempore</strong></span> <span class='ocrx_word' id='word_1_235' title='bbox 1239 2867 1527 2907; x_wconf 89' lang='lat' dir='ltr'><strong>summum</strong></span> <span class='ocrx_word' id='word_1_236' title='bbox 1570 2850 1961 2921; x_wconf 83' lang='lat' dir='ltr'><strong>sacerdotem,</strong></span> <span class='ocrx_word' id='word_1_237' title='bbox 2006 2850 2361 2922; x_wconf 86' lang='lat' dir='ltr'><strong>praesidem,</strong></span> <span class='ocrx_word' id='word_1_238' title='bbox 2406 2851 2656 2926; x_wconf 85' lang='lat' dir='ltr'><strong>Josephi</strong></span> <span class='ocrx_word' id='word_1_239' title='bbox 2702 2859 2903 2908; x_wconf 87' lang='lat' dir='ltr'><strong>aetate</strong></span> <span class='ocrx_word' id='word_1_240' title='bbox 2936 2846 3257 2922; x_wconf 87' lang='lat' dir='ltr'><strong>principem</strong></span> <span class='ocrx_word' id='word_1_241' title='bbox 3300 2845 3474 2919; x_wconf 76' lang='lat' dir='ltr'><strong>hujus</strong></span> <span class='ocrx_word' id='word_1_242' title='bbox 3505 2856 3769 2917; x_wconf 86' lang='lat' dir='ltr'><strong>senatus,</strong></span> <span class='ocrx_word' id='word_1_243' title='bbox 3814 2847 3912 2921; x_wconf 87' lang='lat' dir='ltr'><strong>qui</strong></span> 
     </span>
     <span class='ocr_line' id='line_1_22' title="bbox 461 2946 3912 3024; baseline 0.001 -23"><span class='ocrx_word' id='word_1_244' title='bbox 461 2961 538 3001; x_wconf 83' lang='lat' dir='ltr'><strong>ex</strong></span> <span class='ocrx_word' id='word_1_245' title='bbox 582 2946 872 3005; x_wconf 88' lang='lat' dir='ltr'><strong>seditione</strong></span> <span class='ocrx_word' id='word_1_246' title='bbox 917 2955 1139 3019; x_wconf 67' lang='lat' dir='ltr'><strong>ortus,⁸</strong></span> <span class='ocrx_word' id='word_1_247' title='bbox 1161 2970 1235 3007; x_wconf 80' lang='lat' dir='ltr'><strong>ex</strong></span> <span class='ocrx_word' id='word_1_248' title='bbox 1281 2951 1633 3008; x_wconf 78' lang='lat' dir='ltr'><strong>doctissimis</strong></span> <span class='ocrx_word' id='word_1_249' title='bbox 1675 2962 1736 3007; x_wconf 84' lang='lat' dir='ltr'><strong>et</strong></span> <span class='ocrx_word' id='word_1_250' title='bbox 1775 2951 2228 3024; x_wconf 86' lang='lat' dir='ltr'><strong>opulentissimis</strong></span> <span class='ocrx_word' id='word_1_251' title='bbox 2260 2952 2718 3010; x_wconf 87' lang='lat' dir='ltr'><strong>Pharisaeorum</strong></span> <span class='ocrx_word' id='word_1_252' title='bbox 2761 2948 3136 3023; x_wconf 87' lang='lat' dir='ltr'><strong>compositus,</strong></span> <span class='ocrx_word' id='word_1_253' title='bbox 3178 2966 3464 3004; x_wconf 88' lang='lat' dir='ltr'><strong>summam</strong></span> <span class='ocrx_word' id='word_1_254' title='bbox 3502 2948 3912 3006; x_wconf 86' lang='lat' dir='ltr'><strong>auctoritatem</strong></span> 
     </span>
     <span class='ocr_line' id='line_1_23' title="bbox 467 3047 3912 3126; baseline 0.001 -23"><span class='ocrx_word' id='word_1_255' title='bbox 467 3047 665 3121; x_wconf 85' lang='lat' dir='ltr'><strong>populi</strong></span> <span class='ocrx_word' id='word_1_256' title='bbox 693 3049 1217 3125; x_wconf 84' lang='lat' dir='ltr'><strong>Hierosolymitani</strong></span> <span class='ocrx_word' id='word_1_257' title='bbox 1258 3068 1552 3109; x_wconf 88' lang='lat' dir='ltr'><strong>consensu</strong></span> <span class='ocrx_word' id='word_1_258' title='bbox 1575 3052 1909 3107; x_wconf 82' lang='lat' dir='ltr'><strong>exercebat.</strong></span> <span class='ocrx_word' id='word_1_259' title='bbox 1958 3050 2187 3124; x_wconf 81' lang='lat' dir='ltr'><strong>Quodsi</strong></span> <span class='ocrx_word' id='word_1_260' title='bbox 2207 3049 2508 3126; x_wconf 83' lang='lat' dir='ltr'><strong>Josephus</strong></span> <span class='ocrx_word' id='word_1_261' title='bbox 2542 3070 2976 3126; x_wconf 88' lang='lat' dir='ltr'><strong>nonnumquam</strong></span> <span class='ocrx_word' id='word_1_262' title='bbox 3015 3057 3371 3124; x_wconf 90' lang='lat' dir='ltr'><strong>potestatem</strong></span> <span class='ocrx_word' id='word_1_263' title='bbox 3407 3050 3740 3106; x_wconf 81' lang='lat' dir='ltr'><strong>exercuisse</strong></span> <span class='ocrx_word' id='word_1_264' title='bbox 3773 3049 3912 3106; x_wconf 91' lang='lat' dir='ltr'><strong>dicit</strong></span> 
     </span>
     <span class='ocr_line' id='line_1_24' title="bbox 464 3138 3907 3231; baseline 0.001 -26"><span class='ocrx_word' id='word_1_265' title='bbox 464 3149 741 3222; x_wconf 84' lang='lat' dir='ltr'><strong>populum</strong></span> <span class='ocrx_word' id='word_1_266' title='bbox 762 3151 921 3209; x_wconf 85' lang='lat' dir='ltr'><strong>urbis</strong></span> <span class='ocrx_word' id='word_1_267' title='bbox 966 3146 1093 3226; x_wconf 60' lang='lat' dir='ltr'><strong>(eui</strong></span> <span class='ocrx_word' id='word_1_268' title='bbox 1135 3150 1239 3210; x_wconf 84' lang='grc' dir='ltr'><strong>τοῦ</strong></span> <span class='ocrx_word' id='word_1_269' title='bbox 1285 3148 1515 3231; x_wconf 78' lang='grc' dir='ltr'>δήμου,</span> <span class='ocrx_word' id='word_1_270' title='bbox 1576 3152 1700 3210; x_wconf 85' lang='lat' dir='ltr'><strong>vita</strong></span> <span class='ocrx_word' id='word_1_271' title='bbox 1744 3154 1793 3220; x_wconf 63' lang='grc' dir='ltr'><strong>ξ.</strong></span> <span class='ocrx_word' id='word_1_272' title='bbox 1843 3152 1987 3224; x_wconf 81' lang='lat'><strong>52),</strong></span> <span class='ocrx_word' id='word_1_273' title='bbox 2054 3150 2150 3208; x_wconf 81' lang='lat' dir='ltr'><strong>vel</strong></span> <span class='ocrx_word' id='word_1_274' title='bbox 2191 3149 2258 3210; x_wconf 83' lang='grc' dir='ltr'><strong>τὸ</strong></span> <span class='ocrx_word' id='word_1_275' title='bbox 2305 3145 2493 3210; x_wconf 75' lang='grc' dir='ltr'>κοινόν</span> <span class='ocrx_word' id='word_1_276' title='bbox 2548 3155 2629 3228; x_wconf 67' lang='grc' dir='ltr'><strong>(ς.</strong></span> <span class='ocrx_word' id='word_1_277' title='bbox 2676 3155 2775 3212; x_wconf 82' lang='grc'><strong>61.</strong></span> <span class='ocrx_word' id='word_1_278' title='bbox 2826 3152 2933 3228; x_wconf 88' lang='grc'><strong>65)</strong></span> <span class='ocrx_word' id='word_1_279' title='bbox 2977 3150 3074 3209; x_wconf 84' lang='lat' dir='ltr'><strong>vel</strong></span> <span class='ocrx_word' id='word_1_280' title='bbox 3115 3148 3182 3209; x_wconf 87' lang='grc' dir='ltr'><strong>τὸ</strong></span> <span class='ocrx_word' id='word_1_281' title='bbox 3227 3146 3452 3229; x_wconf 78' lang='grc' dir='ltr'>πλῆθος</span> <span class='ocrx_word' id='word_1_282' title='bbox 3494 3152 3610 3209; x_wconf 85' lang='grc' dir='ltr'><strong>τῶν</strong></span> <span class='ocrx_word' id='word_1_283' title='bbox 3649 3138 3907 3230; x_wconf 72' lang='grc' dir='ltr'><strong>Ἱεροσο-</strong></span> 
     </span>
     <span class='ocr_line' id='line_1_25' title="bbox 464 3246 3909 3329; baseline 0 -23"><span class='ocrx_word' id='word_1_284' title='bbox 464 3246 719 3326; x_wconf 79' lang='grc' dir='ltr'>λυμιτῶν</span> <span class='ocrx_word' id='word_1_285' title='bbox 779 3252 977 3324; x_wconf 84' lang='lat' dir='ltr'><strong>(ibid.)</strong></span> <span class='ocrx_word' id='word_1_286' title='bbox 1023 3263 1083 3310; x_wconf 89' lang='lat' dir='ltr'><strong>et</strong></span> <span class='ocrx_word' id='word_1_287' title='bbox 1126 3271 1279 3328; x_wconf 89' lang='lat' dir='ltr'><strong>quae</strong></span> <span class='ocrx_word' id='word_1_288' title='bbox 1323 3262 1459 3311; x_wconf 88' lang='lat' dir='ltr'><strong>sunt</strong></span> <span class='ocrx_word' id='word_1_289' title='bbox 1500 3253 1720 3327; x_wconf 87' lang='lat' dir='ltr'><strong>passim</strong></span> <span class='ocrx_word' id='word_1_290' title='bbox 1765 3251 1886 3310; x_wconf 86' lang='lat' dir='ltr'><strong>alia</strong></span> <span class='ocrx_word' id='word_1_291' title='bbox 1928 3252 2056 3326; x_wconf 51' lang='lat' dir='ltr'><strong>‚hoc</strong></span> <span class='ocrx_word' id='word_1_292' title='bbox 2121 3255 2297 3311; x_wconf 90' lang='lat' dir='ltr'><strong>modo</strong></span> <span class='ocrx_word' id='word_1_293' title='bbox 2357 3272 2672 3329; x_wconf 81' lang='lat' dir='ltr'><strong>expressa,</strong></span> <span class='ocrx_word' id='word_1_294' title='bbox 2744 3273 2818 3313; x_wconf 90' lang='lat' dir='ltr'><strong>ea</strong></span> <span class='ocrx_word' id='word_1_295' title='bbox 2883 3272 3000 3312; x_wconf 91' lang='lat' dir='ltr'><strong>non</strong></span> <span class='ocrx_word' id='word_1_296' title='bbox 3060 3261 3186 3311; x_wconf 89' lang='lat' dir='ltr'><strong>tam</strong></span> <span class='ocrx_word' id='word_1_297' title='bbox 3252 3252 3462 3328; x_wconf 86' lang='lat' dir='ltr'><strong>gravia</strong></span> <span class='ocrx_word' id='word_1_298' title='bbox 3505 3269 3637 3310; x_wconf 89' lang='lat' dir='ltr'><strong>esse</strong></span> <span class='ocrx_word' id='word_1_299' title='bbox 3684 3251 3909 3325; x_wconf 88' lang='lat' dir='ltr'><strong>opinor,</strong></span> 
     </span>
     <span class='ocr_line' id='line_1_26' title="bbox 463 3341 3911 3436; baseline 0 -29"><span class='ocrx_word' id='word_1_300' title='bbox 463 3368 785 3427; x_wconf 83' lang='lat' dir='ltr'><strong>veramque</strong></span> <span class='ocrx_word' id='word_1_301' title='bbox 829 3362 1192 3428; x_wconf 87' lang='lat' dir='ltr'><strong>potestatem</strong></span> <span class='ocrx_word' id='word_1_302' title='bbox 1256 3354 1435 3414; x_wconf 85' lang='lat' dir='ltr'><strong>fuisse</strong></span> <span class='ocrx_word' id='word_1_303' title='bbox 1507 3372 1691 3429; x_wconf 88' lang='lat' dir='ltr'><strong>penes</strong></span> <span class='ocrx_word' id='word_1_304' title='bbox 1754 3354 2038 3427; x_wconf 88' lang='lat' dir='ltr'><strong>primores</strong></span> <span class='ocrx_word' id='word_1_305' title='bbox 2105 3356 2359 3413; x_wconf 85' lang='lat' dir='ltr'><strong>civitatis</strong></span> <span class='ocrx_word' id='word_1_306' title='bbox 2426 3351 2510 3429; x_wconf 82' lang='grc' dir='ltr'><strong>(οἱ</strong></span> <span class='ocrx_word' id='word_1_307' title='bbox 2578 3355 2797 3436; x_wconf 85' lang='grc' dir='ltr'>πρῶτοι</span> <span class='ocrx_word' id='word_1_308' title='bbox 2849 3354 2967 3412; x_wconf 83' lang='grc' dir='ltr'><strong>τῶν</strong></span> <span class='ocrx_word' id='word_1_309' title='bbox 3020 3341 3514 3434; x_wconf 78' lang='grc' dir='ltr'>Ἱεροσολυμιτῶν</span> <span class='ocrx_word' id='word_1_310' title='bbox 3571 3353 3645 3410; x_wconf 90' lang='lat' dir='ltr'><strong>ib.</strong></span> <span class='ocrx_word' id='word_1_311' title='bbox 3693 3357 3741 3422; x_wconf 72' lang='lat'><strong>§-</strong></span> <span class='ocrx_word' id='word_1_312' title='bbox 3801 3353 3911 3426; x_wconf 84' lang='grc'><strong>60)</strong></span> 
     </span>
     <span class='ocr_line' id='line_1_27' title="bbox 460 3452 3908 3530; baseline 0 -20"><span class='ocrx_word' id='word_1_313' title='bbox 460 3452 500 3510; x_wconf 85' lang='lat' dir='ltr'><strong>i.</strong></span> <span class='ocrx_word' id='word_1_314' title='bbox 546 3471 597 3512; x_wconf 91' lang='lat' dir='ltr'><strong>e.</strong></span> <span class='ocrx_word' id='word_1_315' title='bbox 641 3454 978 3528; x_wconf 86' lang='lat' dir='ltr'><strong>synedrium</strong></span> <span class='ocrx_word' id='word_1_316' title='bbox 1021 3455 1164 3514; x_wconf 89' lang='lat' dir='ltr'><strong>illud</strong></span> <span class='ocrx_word' id='word_1_317' title='bbox 1186 3497 1203 3526; x_wconf 93' lang='lat'><strong>,</strong></span> <span class='ocrx_word' id='word_1_318' title='bbox 1249 3457 1349 3530; x_wconf 87' lang='lat' dir='ltr'><strong>qui</strong></span> <span class='ocrx_word' id='word_1_319' title='bbox 1393 3457 1448 3515; x_wconf 91' lang='lat' dir='ltr'><strong>ei</strong></span> <span class='ocrx_word' id='word_1_320' title='bbox 1495 3456 1811 3516; x_wconf 84' lang='lat' dir='ltr'><strong>Galilaeae</strong></span> <span class='ocrx_word' id='word_1_321' title='bbox 1855 3454 2287 3529; x_wconf 86' lang='lat' dir='ltr'><strong>praefecturam</strong></span> <span class='ocrx_word' id='word_1_322' title='bbox 2332 3457 2571 3515; x_wconf 89' lang='lat' dir='ltr'><strong>decreto</strong></span> <span class='ocrx_word' id='word_1_323' title='bbox 2624 3475 2733 3514; x_wconf 89' lang='lat' dir='ltr'><strong>suo</strong></span> <span class='ocrx_word' id='word_1_324' title='bbox 2786 3465 2979 3513; x_wconf 90' lang='lat' dir='ltr'><strong>ratam</strong></span> <span class='ocrx_word' id='word_1_325' title='bbox 3025 3455 3322 3527; x_wconf 85' lang='lat' dir='ltr'><strong>iecerant,</strong></span> <span class='ocrx_word' id='word_1_326' title='bbox 3368 3461 3576 3512; x_wconf 84' lang='lat' dir='ltr'><strong>contra</strong></span> <span class='ocrx_word' id='word_1_327' title='bbox 3619 3453 3908 3522; x_wconf 88' lang='lat' dir='ltr'><strong>inimicos,</strong></span> 
     </span>
     <span class='ocr_line' id='line_1_28' title="bbox 462 3554 3908 3633; baseline 0 -22"><span class='ocrx_word' id='word_1_328' title='bbox 462 3572 613 3629; x_wconf 87' lang='lat' dir='ltr'><strong>quos</strong></span> <span class='ocrx_word' id='word_1_329' title='bbox 667 3555 882 3613; x_wconf 88' lang='lat' dir='ltr'><strong>multos</strong></span> <span class='ocrx_word' id='word_1_330' title='bbox 947 3557 1207 3616; x_wconf 87' lang='lat' dir='ltr'><strong>habebat</strong></span> <span class='ocrx_word' id='word_1_331' title='bbox 1273 3568 1334 3615; x_wconf 86' lang='lat' dir='ltr'><strong>et</strong></span> <span class='ocrx_word' id='word_1_332' title='bbox 1403 3576 1649 3633; x_wconf 88' lang='lat' dir='ltr'><strong>quorum</strong></span> <span class='ocrx_word' id='word_1_333' title='bbox 1714 3557 2151 3616; x_wconf 84' lang='lat' dir='ltr'><strong>criminationes</strong></span> <span class='ocrx_word' id='word_1_334' title='bbox 2217 3558 2486 3617; x_wconf 78' lang='lat' dir='ltr'><strong>refutare</strong></span> <span class='ocrx_word' id='word_1_335' title='bbox 2532 3576 2651 3615; x_wconf 90' lang='lat' dir='ltr'><strong>non</strong></span> <span class='ocrx_word' id='word_1_336' title='bbox 2716 3557 2978 3614; x_wconf 88' lang='lat' dir='ltr'><strong>ultimum</strong></span> <span class='ocrx_word' id='word_1_337' title='bbox 3044 3566 3135 3614; x_wconf 89' lang='lat' dir='ltr'><strong>est</strong></span> <span class='ocrx_word' id='word_1_338' title='bbox 3194 3555 3496 3615; x_wconf 88' lang='lat' dir='ltr'><strong>consilium</strong></span> <span class='ocrx_word' id='word_1_339' title='bbox 3563 3554 3908 3627; x_wconf 86' lang='lat' dir='ltr'><strong>scriptorum</strong></span> 
     </span>
     <span class='ocr_line' id='line_1_29' title="bbox 459 3654 3908 3737; baseline -0.001 -21"><span class='ocrx_word' id='word_1_340' title='bbox 459 3675 729 3728; x_wconf 88' lang='lat' dir='ltr'><strong>suorum,</strong></span> <span class='ocrx_word' id='word_1_341' title='bbox 792 3656 1063 3731; x_wconf 82' lang='lat' dir='ltr'><strong>Justum,</strong></span> <span class='ocrx_word' id='word_1_342' title='bbox 1128 3655 1483 3730; x_wconf 80' lang='lat' dir='ltr'><strong>Jonatham,</strong></span> <span class='ocrx_word' id='word_1_343' title='bbox 1550 3660 1858 3732; x_wconf 83' lang='lat' dir='ltr'><strong>Amniam,</strong></span> <span class='ocrx_word' id='word_1_344' title='bbox 1925 3659 2260 3731; x_wconf 89' lang='lat' dir='ltr'><strong>Simonem,</strong></span> <span class='ocrx_word' id='word_1_345' title='bbox 2349 3662 2612 3718; x_wconf 84' lang='lat' dir='ltr'><strong>Azarurn</strong></span> <span class='ocrx_word' id='word_1_346' title='bbox 2680 3655 2763 3737; x_wconf 66' lang='grc' dir='ltr'><strong>(ξ.</strong></span> <span class='ocrx_word' id='word_1_347' title='bbox 2822 3659 2920 3716; x_wconf 89' lang='grc'><strong>38.</strong></span> <span class='ocrx_word' id='word_1_348' title='bbox 2985 3658 3084 3715; x_wconf 86' lang='grc'><strong>39.</strong></span> <span class='ocrx_word' id='word_1_349' title='bbox 3133 3654 3272 3736; x_wconf 85' lang='lat'><strong>53),</strong></span> <span class='ocrx_word' id='word_1_350' title='bbox 3340 3656 3398 3713; x_wconf 88' lang='lat' dir='ltr'><strong>in</strong></span> <span class='ocrx_word' id='word_1_351' title='bbox 3465 3656 3708 3731; x_wconf 84' lang='lat' dir='ltr'><strong>imperio</strong></span> <span class='ocrx_word' id='word_1_352' title='bbox 3775 3674 3908 3713; x_wconf 90' lang='lat' dir='ltr'><strong>eum</strong></span> 
     </span>
     <span class='ocr_line' id='line_1_30' title="bbox 462 3756 3908 3835; baseline -0.001 -19"><span class='ocrx_word' id='word_1_353' title='bbox 462 3759 778 3817; x_wconf 86' lang='lat' dir='ltr'><strong>tuebantur</strong></span> <span class='ocrx_word' id='word_1_354' title='bbox 842 3768 904 3816; x_wconf 91' lang='lat' dir='ltr'><strong>et</strong></span> <span class='ocrx_word' id='word_1_355' title='bbox 964 3778 1061 3818; x_wconf 89' lang='lat' dir='ltr'><strong>res</strong></span> <span class='ocrx_word' id='word_1_356' title='bbox 1132 3777 1335 3818; x_wconf 89' lang='lat' dir='ltr'><strong>omues</strong></span> <span class='ocrx_word' id='word_1_357' title='bbox 1398 3760 1487 3819; x_wconf 87' lang='lat' dir='ltr'><strong>ita</strong></span> <span class='ocrx_word' id='word_1_358' title='bbox 1556 3761 2074 3833; x_wconf 86' lang='lat' dir='ltr'><strong>administrabant,</strong></span> <span class='ocrx_word' id='word_1_359' title='bbox 2144 3771 2210 3820; x_wconf 90' lang='lat' dir='ltr'><strong>ut</strong></span> <span class='ocrx_word' id='word_1_360' title='bbox 2276 3762 2333 3819; x_wconf 89' lang='lat' dir='ltr'><strong>in</strong></span> <span class='ocrx_word' id='word_1_361' title='bbox 2403 3762 2544 3819; x_wconf 89' lang='lat' dir='ltr'><strong>urbe</strong></span> <span class='ocrx_word' id='word_1_362' title='bbox 2611 3761 2923 3818; x_wconf 91' lang='lat' dir='ltr'><strong>multitudo</strong></span> <span class='ocrx_word' id='word_1_363' title='bbox 2988 3759 3143 3818; x_wconf 90' lang='lat' dir='ltr'><strong>bello</strong></span> <span class='ocrx_word' id='word_1_364' title='bbox 3211 3777 3282 3817; x_wconf 88' lang='lat' dir='ltr'><strong>ac</strong></span> <span class='ocrx_word' id='word_1_365' title='bbox 3344 3757 3646 3835; x_wconf 85' lang='lat' dir='ltr'><strong>religionis</strong></span> <span class='ocrx_word' id='word_1_366' title='bbox 3714 3756 3908 3814; x_wconf 76' lang='lat' dir='ltr'><strong>lurore</strong></span> 
     </span>
     <span class='ocr_line' id='line_1_31' title="bbox 458 3856 3904 3942; baseline -0.001 -23"><span class='ocrx_word' id='word_1_367' title='bbox 458 3867 847 3934; x_wconf 86' lang='lat' dir='ltr'><strong>exasperata,</strong></span> <span class='ocrx_word' id='word_1_368' title='bbox 923 3868 989 3919; x_wconf 90' lang='lat' dir='ltr'><strong>ut</strong></span> <span class='ocrx_word' id='word_1_369' title='bbox 1042 3862 1107 3918; x_wconf 87' lang='lat' dir='ltr'><strong>fit</strong></span> <span class='ocrx_word' id='word_1_370' title='bbox 1174 3861 1435 3921; x_wconf 89' lang='lat' dir='ltr'><strong>intestini</strong></span> <span class='ocrx_word' id='word_1_371' title='bbox 1500 3862 1780 3921; x_wconf 85' lang='lat' dir='ltr'><strong>tumultus</strong></span> <span class='ocrx_word' id='word_1_372' title='bbox 1843 3865 2240 3942; x_wconf 84' lang='lat' dir='ltr'><strong>temporibus,</strong></span> <span class='ocrx_word' id='word_1_373' title='bbox 2320 3881 2504 3938; x_wconf 88' lang='lat' dir='ltr'><strong>saepe</strong></span> <span class='ocrx_word' id='word_1_374' title='bbox 2572 3861 2889 3936; x_wconf 89' lang='lat' dir='ltr'><strong>primorum</strong></span> <span class='ocrx_word' id='word_1_375' title='bbox 2966 3860 3230 3932; x_wconf 89' lang='lat' dir='ltr'><strong>consilia,</strong></span> <span class='ocrx_word' id='word_1_376' title='bbox 3297 3860 3355 3917; x_wconf 87' lang='lat' dir='ltr'><strong>vi</strong></span> <span class='ocrx_word' id='word_1_377' title='bbox 3430 3857 3717 3926; x_wconf 87' lang='lat' dir='ltr'><strong>adhibita,</strong></span> <span class='ocrx_word' id='word_1_378' title='bbox 3787 3856 3904 3914; x_wconf 90' lang='lat' dir='ltr'><strong>alio</strong></span> 
     </span>
     <span class='ocr_line' id='line_1_32' title="bbox 459 3959 3906 4041; baseline -0 -23"><span class='ocrx_word' id='word_1_379' title='bbox 459 3962 728 4019; x_wconf 86' lang='lat' dir='ltr'><strong>flecteret</strong></span> <span class='ocrx_word' id='word_1_380' title='bbox 785 3970 847 4020; x_wconf 88' lang='lat' dir='ltr'><strong>et</strong></span> <span class='ocrx_word' id='word_1_381' title='bbox 907 3963 985 4020; x_wconf 87' lang='lat' dir='ltr'><strong>ad</strong></span> <span class='ocrx_word' id='word_1_382' title='bbox 1050 3980 1221 4020; x_wconf 86' lang='lat' dir='ltr'><strong>suam</strong></span> <span class='ocrx_word' id='word_1_383' title='bbox 1283 3964 1652 4022; x_wconf 82' lang='lat' dir='ltr'><strong>voluntatem</strong></span> <span class='ocrx_word' id='word_1_384' title='bbox 1717 3974 1980 4041; x_wconf 87' lang='lat' dir='ltr'><strong>cogeret.</strong></span> <span class='ocrx_word' id='word_1_385' title='bbox 2071 3965 2251 4040; x_wconf 83' lang='lat' dir='ltr'><strong>Quali</strong></span> <span class='ocrx_word' id='word_1_386' title='bbox 2317 3983 2461 4022; x_wconf 86' lang='lat' dir='ltr'><strong>vero</strong></span> <span class='ocrx_word' id='word_1_387' title='bbox 2526 3981 2768 4022; x_wconf 89' lang='lat' dir='ltr'><strong>munere</strong></span> <span class='ocrx_word' id='word_1_388' title='bbox 2828 3960 3125 4036; x_wconf 87' lang='lat' dir='ltr'><strong>Josephus</strong></span> <span class='ocrx_word' id='word_1_389' title='bbox 3189 3962 3249 4019; x_wconf 88' lang='lat' dir='ltr'><strong>in</strong></span> <span class='ocrx_word' id='word_1_390' title='bbox 3293 3959 3574 4019; x_wconf 86' lang='lat' dir='ltr'><strong>Galilaea</strong></span> <span class='ocrx_word' id='word_1_391' title='bbox 3637 3976 3700 4016; x_wconf 90' lang='lat' dir='ltr'><strong>re</strong></span> <span class='ocrx_word' id='word_1_392' title='bbox 3771 3959 3906 4034; x_wconf 85' lang='lat' dir='ltr'><strong>ipsa</strong></span> 
     </span>
     <span class='ocr_line' id='line_1_33' title="bbox 459 4060 3904 4140; baseline -0.001 -20"><span class='ocrx_word' id='word_1_393' title='bbox 459 4060 691 4121; x_wconf 81' lang='lat' dir='ltr'><strong>iunctus</strong></span> <span class='ocrx_word' id='word_1_394' title='bbox 734 4063 839 4137; x_wconf 88' lang='lat' dir='ltr'><strong>sit,</strong></span> <span class='ocrx_word' id='word_1_395' title='bbox 898 4083 1016 4139; x_wconf 86' lang='lat' dir='ltr'><strong>quo</strong></span> <span class='ocrx_word' id='word_1_396' title='bbox 1062 4064 1308 4123; x_wconf 91' lang='lat' dir='ltr'><strong>consilio</strong></span> <span class='ocrx_word' id='word_1_397' title='bbox 1368 4074 1431 4123; x_wconf 89' lang='lat' dir='ltr'><strong>et</strong></span> <span class='ocrx_word' id='word_1_398' title='bbox 1474 4084 1648 4140; x_wconf 90' lang='lat' dir='ltr'><strong>quem</strong></span> <span class='ocrx_word' id='word_1_399' title='bbox 1693 4066 1771 4124; x_wconf 89' lang='lat' dir='ltr'><strong>ad</strong></span> <span class='ocrx_word' id='word_1_400' title='bbox 1834 4066 2016 4126; x_wconf 87' lang='lat' dir='ltr'><strong>finem</strong></span> <span class='ocrx_word' id='word_1_401' title='bbox 2086 4085 2159 4124; x_wconf 91' lang='lat' dir='ltr'><strong>eo</strong></span> <span class='ocrx_word' id='word_1_402' title='bbox 2218 4066 2427 4124; x_wconf 90' lang='lat' dir='ltr'><strong>missus</strong></span> <span class='ocrx_word' id='word_1_403' title='bbox 2471 4064 2677 4136; x_wconf 76' lang='lat' dir='ltr'><strong>luerit,</strong></span> <span class='ocrx_word' id='word_1_404' title='bbox 2745 4083 2937 4140; x_wconf 90' lang='lat' dir='ltr'><strong>neque</strong></span> <span class='ocrx_word' id='word_1_405' title='bbox 3003 4081 3080 4120; x_wconf 84' lang='lat' dir='ltr'><strong>ex</strong></span> <span class='ocrx_word' id='word_1_406' title='bbox 3132 4063 3259 4137; x_wconf 91' lang='lat' dir='ltr'><strong>ipso</strong></span> <span class='ocrx_word' id='word_1_407' title='bbox 3306 4074 3549 4122; x_wconf 88' lang='lat' dir='ltr'><strong>auctore</strong></span> <span class='ocrx_word' id='word_1_408' title='bbox 3593 4060 3904 4120; x_wconf 76' lang='lat' dir='ltr'><strong>manifesto</strong></span> 
     </span>
     <span class='ocr_line' id='line_1_34' title="bbox 460 4163 3904 4244; baseline -0.001 -22"><span class='ocrx_word' id='word_1_409' title='bbox 460 4173 739 4238; x_wconf 83' lang='lat' dir='ltr'><strong>apparet,</strong></span> <span class='ocrx_word' id='word_1_410' title='bbox 805 4184 997 4241; x_wconf 90' lang='lat' dir='ltr'><strong>neque</strong></span> <span class='ocrx_word' id='word_1_411' title='bbox 1061 4166 1190 4240; x_wconf 89' lang='lat' dir='ltr'><strong>ipse</strong></span> <span class='ocrx_word' id='word_1_412' title='bbox 1249 4166 1307 4224; x_wconf 91' lang='lat' dir='ltr'><strong>in</strong></span> <span class='ocrx_word' id='word_1_413' title='bbox 1371 4166 1723 4242; x_wconf 87' lang='lat' dir='ltr'><strong>magistratu</strong></span> <span class='ocrx_word' id='word_1_414' title='bbox 1779 4167 2041 4244; x_wconf 88' lang='lat' dir='ltr'><strong>gerendo</strong></span> <span class='ocrx_word' id='word_1_415' title='bbox 2112 4174 2474 4242; x_wconf 88' lang='lat' dir='ltr'><strong>compertum</strong></span> <span class='ocrx_word' id='word_1_416' title='bbox 2544 4165 2773 4236; x_wconf 86' lang='lat' dir='ltr'><strong>habuit,</strong></span> <span class='ocrx_word' id='word_1_417' title='bbox 2850 4183 3041 4241; x_wconf 88' lang='lat' dir='ltr'><strong>neque</strong></span> <span class='ocrx_word' id='word_1_418' title='bbox 3104 4166 3395 4240; x_wconf 85' lang='lat' dir='ltr'><strong>principes</strong></span> <span class='ocrx_word' id='word_1_419' title='bbox 3456 4163 3714 4224; x_wconf 85' lang='lat' dir='ltr'><strong>civitatis</strong></span> <span class='ocrx_word' id='word_1_420' title='bbox 3781 4172 3904 4220; x_wconf 90' lang='lat' dir='ltr'><strong>tum</strong></span> 
     </span>
     <span class='ocr_line' id='line_1_35' title="bbox 458 4263 3902 4343; baseline -0.001 -19"><span class='ocrx_word' id='word_1_421' title='bbox 458 4266 816 4325; x_wconf 87' lang='lat' dir='ltr'><strong>constituere</strong></span> <span class='ocrx_word' id='word_1_422' title='bbox 861 4267 991 4326; x_wconf 88' lang='lat' dir='ltr'><strong>ausi</strong></span> <span class='ocrx_word' id='word_1_423' title='bbox 1036 4275 1220 4326; x_wconf 88' lang='lat' dir='ltr'><strong>erant.</strong></span> <span class='ocrx_word' id='word_1_424' title='bbox 1308 4266 1641 4343; x_wconf 85' lang='lat' dir='ltr'><strong>Delegatus</strong></span> <span class='ocrx_word' id='word_1_425' title='bbox 1705 4267 1813 4327; x_wconf 81' lang='lat' dir='ltr'><strong>fuit</strong></span> <span class='ocrx_word' id='word_1_426' title='bbox 1871 4287 2003 4327; x_wconf 85' lang='lat' dir='ltr'><strong>cum</strong></span> <span class='ocrx_word' id='word_1_427' title='bbox 2059 4268 2532 4328; x_wconf 84' lang='lat' dir='ltr'><strong>extraordinaria</strong></span> <span class='ocrx_word' id='word_1_428' title='bbox 2589 4277 2769 4343; x_wconf 85' lang='lat' dir='ltr'><strong>atque</strong></span> <span class='ocrx_word' id='word_1_429' title='bbox 2826 4267 3056 4325; x_wconf 87' lang='lat' dir='ltr'><strong>infinita</strong></span> <span class='ocrx_word' id='word_1_430' title='bbox 3107 4275 3406 4340; x_wconf 88' lang='lat' dir='ltr'><strong>potestate</strong></span> <span class='ocrx_word' id='word_1_431' title='bbox 3423 4308 3440 4336; x_wconf 89' lang='lat'><strong>,</strong></span> <span class='ocrx_word' id='word_1_432' title='bbox 3503 4265 3679 4324; x_wconf 89' lang='lat' dir='ltr'><strong>sicuti</strong></span> <span class='ocrx_word' id='word_1_433' title='bbox 3731 4263 3902 4323; x_wconf 85' lang='lat' dir='ltr'><strong>simili</strong></span> 
     </span>
     <span class='ocr_line' id='line_1_36' title="bbox 454 4365 3906 4445; baseline -0.001 -19"><span class='ocrx_word' id='word_1_434' title='bbox 454 4386 653 4426; x_wconf 87' lang='lat' dir='ltr'><strong>rerum</strong></span> <span class='ocrx_word' id='word_1_435' title='bbox 693 4377 856 4427; x_wconf 90' lang='lat' dir='ltr'><strong>statu</strong></span> <span class='ocrx_word' id='word_1_436' title='bbox 900 4377 1132 4443; x_wconf 88' lang='lat' dir='ltr'><strong>patrum</strong></span> <span class='ocrx_word' id='word_1_437' title='bbox 1190 4368 1476 4428; x_wconf 88' lang='lat' dir='ltr'><strong>memoria</strong></span> <span class='ocrx_word' id='word_1_438' title='bbox 1528 4370 1587 4427; x_wconf 92' lang='lat' dir='ltr'><strong>in</strong></span> <span class='ocrx_word' id='word_1_439' title='bbox 1634 4369 1838 4440; x_wconf 87' lang='lat' dir='ltr'><strong>Gallia</strong></span> <span class='ocrx_word' id='word_1_440' title='bbox 1892 4371 2161 4429; x_wconf 86' lang='lat' dir='ltr'><strong>audimus</strong></span> <span class='ocrx_word' id='word_1_441' title='bbox 2215 4379 2629 4445; x_wconf 83' lang='lat' dir='ltr'><strong>procuratores</strong></span> <span class='ocrx_word' id='word_1_442' title='bbox 2695 4370 2754 4428; x_wconf 89' lang='lat' dir='ltr'><strong>in</strong></span> <span class='ocrx_word' id='word_1_443' title='bbox 2808 4368 3143 4444; x_wconf 83' lang='lat' dir='ltr'><strong>provincias</strong></span> <span class='ocrx_word' id='word_1_444' title='bbox 3197 4368 3438 4439; x_wconf 89' lang='lat' dir='ltr'><strong>missos,</strong></span> <span class='ocrx_word' id='word_1_445' title='bbox 3491 4366 3589 4442; x_wconf 88' lang='lat' dir='ltr'><strong>qui</strong></span> <span class='ocrx_word' id='word_1_446' title='bbox 3649 4365 3906 4440; x_wconf 83' lang='lat' dir='ltr'><strong>supremi</strong></span> 
     </span>
     <span class='ocr_line' id='line_1_37' title="bbox 460 4467 3906 4550; baseline -0.001 -22"><span class='ocrx_word' id='word_1_447' title='bbox 460 4469 693 4528; x_wconf 89' lang='lat' dir='ltr'><strong>concilii</strong></span> <span class='ocrx_word' id='word_1_448' title='bbox 733 4468 1087 4528; x_wconf 88' lang='lat' dir='ltr'><strong>Parisiensis</strong></span> <span class='ocrx_word' id='word_1_449' title='bbox 1131 4469 1355 4544; x_wconf 89' lang='lat' dir='ltr'><strong>placita</strong></span> <span class='ocrx_word' id='word_1_450' title='bbox 1395 4479 1797 4529; x_wconf 84' lang='lat' dir='ltr'><strong>sustentarent</strong></span> <span class='ocrx_word' id='word_1_451' title='bbox 1840 4481 1901 4530; x_wconf 90' lang='lat' dir='ltr'><strong>et</strong></span> <span class='ocrx_word' id='word_1_452' title='bbox 1947 4473 2183 4531; x_wconf 89' lang='lat' dir='ltr'><strong>omnino</strong></span> <span class='ocrx_word' id='word_1_453' title='bbox 2231 4491 2338 4548; x_wconf 90' lang='lat' dir='ltr'><strong>pro</strong></span> <span class='ocrx_word' id='word_1_454' title='bbox 2381 4492 2447 4531; x_wconf 89' lang='lat' dir='ltr'><strong>re</strong></span> <span class='ocrx_word' id='word_1_455' title='bbox 2496 4485 2760 4550; x_wconf 82' lang='lat' dir='ltr'><strong>agerent.</strong></span> <span class='ocrx_word' id='word_1_456' title='bbox 2847 4471 3062 4546; x_wconf 86' lang='lat' dir='ltr'><strong>Neque</strong></span> <span class='ocrx_word' id='word_1_457' title='bbox 3119 4469 3277 4528; x_wconf 87' lang='lat' dir='ltr'><strong>enim</strong></span> <span class='ocrx_word' id='word_1_458' title='bbox 3332 4468 3407 4527; x_wconf 88' lang='lat' dir='ltr'><strong>ab</strong></span> <span class='ocrx_word' id='word_1_459' title='bbox 3444 4467 3611 4526; x_wconf 87' lang='lat' dir='ltr'><strong>initio</strong></span> <span class='ocrx_word' id='word_1_460' title='bbox 3657 4467 3906 4527; x_wconf 81' lang='lat' dir='ltr'><strong>libenter</strong></span> 
     </span>
     <span class='ocr_line' id='line_1_38' title="bbox 459 4570 3904 4646; baseline -0.001 -16"><span class='ocrx_word' id='word_1_461' title='bbox 459 4588 533 4630; x_wconf 86' lang='lat' dir='ltr'><strong>ac</strong></span> <span class='ocrx_word' id='word_1_462' title='bbox 589 4570 716 4628; x_wconf 89' lang='lat' dir='ltr'><strong>sine</strong></span> <span class='ocrx_word' id='word_1_463' title='bbox 770 4570 1165 4630; x_wconf 90' lang='lat' dir='ltr'><strong>haesitatione</strong></span> <span class='ocrx_word' id='word_1_464' title='bbox 1223 4572 1475 4646; x_wconf 87' lang='lat' dir='ltr'><strong>populus</strong></span> <span class='ocrx_word' id='word_1_465' title='bbox 1530 4570 1901 4631; x_wconf 69' lang='lat' dir='ltr'><strong>«ludaeorum</strong></span> <span class='ocrx_word' id='word_1_466' title='bbox 1953 4574 2173 4632; x_wconf 91' lang='lat' dir='ltr'><strong>bellum</strong></span> <span class='ocrx_word' id='word_1_467' title='bbox 2241 4593 2374 4632; x_wconf 89' lang='lat' dir='ltr'><strong>cum</strong></span> <span class='ocrx_word' id='word_1_468' title='bbox 2434 4572 2721 4633; x_wconf 85' lang='lat' dir='ltr'><strong>Romanis</strong></span> <span class='ocrx_word' id='word_1_469' title='bbox 2786 4572 3048 4630; x_wconf 89' lang='lat' dir='ltr'><strong>subierat</strong></span> <span class='ocrx_word' id='word_1_470' title='bbox 3114 4589 3305 4646; x_wconf 91' lang='lat' dir='ltr'><strong>neque</strong></span> <span class='ocrx_word' id='word_1_471' title='bbox 3379 4570 3659 4643; x_wconf 84' lang='lat' dir='ltr'><strong>posthac,</strong></span> <span class='ocrx_word' id='word_1_472' title='bbox 3727 4587 3904 4645; x_wconf 89' lang='lat' dir='ltr'><strong>quum</strong></span> 
     </span>
     <span class='ocr_line' id='line_1_39' title="bbox 454 4659 3902 4753; baseline -0.001 -22"><span class='ocrx_word' id='word_1_473' title='bbox 454 4690 595 4731; x_wconf 82' lang='lat' dir='ltr'><strong>mox</strong></span> <span class='ocrx_word' id='word_1_474' title='bbox 636 4671 974 4730; x_wconf 83' lang='lat' dir='ltr'><strong>inevitabile</strong></span> <span class='ocrx_word' id='word_1_475' title='bbox 1026 4672 1249 4732; x_wconf 80' lang='lat' dir='ltr'><strong>iactum</strong></span> <span class='ocrx_word' id='word_1_476' title='bbox 1308 4683 1470 4745; x_wconf 89' lang='lat' dir='ltr'><strong>erat,</strong></span> <span class='ocrx_word' id='word_1_477' title='bbox 1536 4692 1654 4732; x_wconf 90' lang='lat' dir='ltr'><strong>uno</strong></span> <span class='ocrx_word' id='word_1_478' title='bbox 1722 4693 1925 4734; x_wconf 89' lang='lat' dir='ltr'><strong>omnes</strong></span> <span class='ocrx_word' id='word_1_479' title='bbox 1984 4676 2181 4734; x_wconf 88' lang='lat' dir='ltr'><strong>animo</strong></span> <span class='ocrx_word' id='word_1_480' title='bbox 2247 4677 2553 4753; x_wconf 83' lang='lat' dir='ltr'><strong>gerebant.</strong></span> <span class='ocrx_word' id='word_1_481' title='bbox 2658 4674 2834 4750; x_wconf 86' lang='lat' dir='ltr'><strong>Quod</strong></span> <span class='ocrx_word' id='word_1_482' title='bbox 2859 4673 3115 4749; x_wconf 76' lang='lat' dir='ltr'><strong>quidem</strong></span> <span class='ocrx_word' id='word_1_483' title='bbox 3170 4670 3298 4746; x_wconf 82' lang='lat' dir='ltr'><strong>jam</strong></span> <span class='ocrx_word' id='word_1_484' title='bbox 3366 4687 3440 4727; x_wconf 82' lang='lat' dir='ltr'><strong>ex</strong></span> <span class='ocrx_word' id='word_1_485' title='bbox 3505 4670 3701 4729; x_wconf 84' lang='lat' dir='ltr'><strong>causis</strong></span> <span class='ocrx_word' id='word_1_486' title='bbox 3773 4659 3902 4744; x_wconf 81' lang='lat' dir='ltr'><strong>ejus</strong></span> 
     </span>
     <span class='ocr_line' id='line_1_40' title="bbox 457 4772 3902 4851; baseline -0.001 -19"><span class='ocrx_word' id='word_1_487' title='bbox 457 4772 796 4832; x_wconf 85' lang='lat' dir='ltr'><strong>certaminis</strong></span> <span class='ocrx_word' id='word_1_488' title='bbox 839 4775 1095 4849; x_wconf 88' lang='lat' dir='ltr'><strong>perspici</strong></span> <span class='ocrx_word' id='word_1_489' title='bbox 1154 4783 1355 4849; x_wconf 88' lang='lat' dir='ltr'><strong>potest</strong></span> <span class='ocrx_word' id='word_1_490' title='bbox 1434 4775 1793 4850; x_wconf 89' lang='lat' dir='ltr'><strong>multumque</strong></span> <span class='ocrx_word' id='word_1_491' title='bbox 1858 4777 2040 4838; x_wconf 88' lang='lat' dir='ltr'><strong>habet</strong></span> <span class='ocrx_word' id='word_1_492' title='bbox 2116 4777 2398 4836; x_wconf 88' lang='lat' dir='ltr'><strong>momenti</strong></span> <span class='ocrx_word' id='word_1_493' title='bbox 2456 4778 2517 4835; x_wconf 93' lang='lat' dir='ltr'><strong>in</strong></span> <span class='ocrx_word' id='word_1_494' title='bbox 2575 4774 2827 4851; x_wconf 83' lang='lat' dir='ltr'><strong>Josepbi</strong></span> <span class='ocrx_word' id='word_1_495' title='bbox 2869 4774 2996 4833; x_wconf 87' lang='lat' dir='ltr'><strong>vita</strong></span> <span class='ocrx_word' id='word_1_496' title='bbox 3048 4783 3109 4832; x_wconf 90' lang='lat' dir='ltr'><strong>et</strong></span> <span class='ocrx_word' id='word_1_497' title='bbox 3170 4772 3386 4849; x_wconf 87' lang='lat' dir='ltr'><strong>agendi</strong></span> <span class='ocrx_word' id='word_1_498' title='bbox 3448 4774 3676 4831; x_wconf 87' lang='lat' dir='ltr'><strong>ratione</strong></span> <span class='ocrx_word' id='word_1_499' title='bbox 3739 4781 3902 4829; x_wconf 86' lang='lat' dir='ltr'><strong>recte</strong></span> 
     </span>
     <span class='ocr_line' id='line_1_41' title="bbox 456 4872 3899 4955; baseline -0.001 -23"><span class='ocrx_word' id='word_1_500' title='bbox 456 4873 826 4949; x_wconf 83' lang='lat' dir='ltr'><strong>explicanda.</strong></span> <span class='ocrx_word' id='word_1_501' title='bbox 912 4875 1070 4934; x_wconf 88' lang='lat' dir='ltr'><strong>Nam</strong></span> <span class='ocrx_word' id='word_1_502' title='bbox 1117 4895 1293 4951; x_wconf 91' lang='lat' dir='ltr'><strong>quum</strong></span> <span class='ocrx_word' id='word_1_503' title='bbox 1337 4887 1574 4936; x_wconf 88' lang='lat' dir='ltr'><strong>ceterae</strong></span> <span class='ocrx_word' id='word_1_504' title='bbox 1619 4877 1989 4952; x_wconf 82' lang='lat' dir='ltr'><strong>provinciae,</strong></span> <span class='ocrx_word' id='word_1_505' title='bbox 2034 4878 2210 4937; x_wconf 88' lang='lat' dir='ltr'><strong>sicuti</strong></span> <span class='ocrx_word' id='word_1_506' title='bbox 2257 4876 2489 4951; x_wconf 85' lang='lat' dir='ltr'><strong>Gallia,</strong></span> <span class='ocrx_word' id='word_1_507' title='bbox 2559 4879 2742 4950; x_wconf 83' lang='lat' dir='ltr'><strong>Asia,</strong></span> <span class='ocrx_word' id='word_1_508' title='bbox 2783 4878 3129 4955; x_wconf 82' lang='lat' dir='ltr'><strong>Aegyptus,</strong></span> <span class='ocrx_word' id='word_1_509' title='bbox 3185 4875 3363 4952; x_wconf 81' lang='lat' dir='ltr'><strong>longe</strong></span> <span class='ocrx_word' id='word_1_510' title='bbox 3408 4872 3651 4932; x_wconf 82' lang='lat' dir='ltr'><strong>Judaea</strong></span> <span class='ocrx_word' id='word_1_511' title='bbox 3692 4883 3899 4947; x_wconf 86' lang='lat' dir='ltr'><strong>poten·</strong></span> 
     </span>
     <span class='ocr_line' id='line_1_42' title="bbox 456 4974 3900 5057; baseline -0.001 -22"><span class='ocrx_word' id='word_1_512' title='bbox 456 4976 661 5051; x_wconf 83' lang='lat' dir='ltr'><strong>tiores,</strong></span> <span class='ocrx_word' id='word_1_513' title='bbox 723 4976 823 5034; x_wconf 91' lang='lat' dir='ltr'><strong>ubi</strong></span> <span class='ocrx_word' id='word_1_514' title='bbox 864 4977 1112 5051; x_wconf 88' lang='lat' dir='ltr'><strong>primum</strong></span> <span class='ocrx_word' id='word_1_515' title='bbox 1151 4986 1408 5051; x_wconf 80' lang='lat' dir='ltr'><strong>pacatae</strong></span> <span class='ocrx_word' id='word_1_516' title='bbox 1450 4987 1617 5049; x_wconf 91' lang='lat' dir='ltr'><strong>sunt,</strong></span> <span class='ocrx_word' id='word_1_517' title='bbox 1682 4977 1908 5051; x_wconf 88' lang='lat' dir='ltr'><strong>imperii</strong></span> <span class='ocrx_word' id='word_1_518' title='bbox 1968 4979 2227 5037; x_wconf 83' lang='lat' dir='ltr'><strong>Romani</strong></span> <span class='ocrx_word' id='word_1_519' title='bbox 2274 4979 2487 5057; x_wconf 89' lang='lat' dir='ltr'><strong>jugum</strong></span> <span class='ocrx_word' id='word_1_520' title='bbox 2539 4980 2838 5055; x_wconf 89' lang='lat' dir='ltr'><strong>patienter</strong></span> <span class='ocrx_word' id='word_1_521' title='bbox 2892 4979 3155 5038; x_wconf 89' lang='lat' dir='ltr'><strong>subirent</strong></span> <span class='ocrx_word' id='word_1_522' title='bbox 3209 4994 3281 5035; x_wconf 85' lang='lat' dir='ltr'><strong>ac</strong></span> <span class='ocrx_word' id='word_1_523' title='bbox 3338 4977 3436 5035; x_wconf 77' lang='lat' dir='ltr'><strong>vel</strong></span> <span class='ocrx_word' id='word_1_524' title='bbox 3488 4974 3900 5049; x_wconf 88' lang='lat' dir='ltr'><strong>proconsulum</strong></span> 
     </span>
     <span class='ocr_line' id='line_1_43' title="bbox 458 5075 3898 5155; baseline -0.001 -20"><span class='ocrx_word' id='word_1_525' title='bbox 458 5076 894 5151; x_wconf 88' lang='lat' dir='ltr'><strong>crudelitatem,</strong></span> <span class='ocrx_word' id='word_1_526' title='bbox 941 5078 1287 5150; x_wconf 83' lang='lat' dir='ltr'><strong>avaritiam,</strong></span> <span class='ocrx_word' id='word_1_527' title='bbox 1344 5079 1731 5155; x_wconf 89' lang='lat' dir='ltr'><strong>petulantiam</strong></span> <span class='ocrx_word' id='word_1_528' title='bbox 1790 5080 2021 5137; x_wconf 89' lang='lat' dir='ltr'><strong>nonnisi</strong></span> <span class='ocrx_word' id='word_1_529' title='bbox 2064 5081 2319 5154; x_wconf 89' lang='lat' dir='ltr'><strong>querelis</strong></span> <span class='ocrx_word' id='word_1_530' title='bbox 2365 5101 2436 5139; x_wconf 89' lang='lat' dir='ltr'><strong>ac</strong></span> <span class='ocrx_word' id='word_1_531' title='bbox 2475 5080 2711 5154; x_wconf 88' lang='lat' dir='ltr'><strong>judiciis</strong></span> <span class='ocrx_word' id='word_1_532' title='bbox 2765 5089 3038 5141; x_wconf 86' lang='lat' dir='ltr'><strong>avertere</strong></span> <span class='ocrx_word' id='word_1_533' title='bbox 3095 5079 3192 5136; x_wconf 83' lang='lat' dir='ltr'><strong>vel</strong></span> <span class='ocrx_word' id='word_1_534' title='bbox 3244 5077 3532 5155; x_wconf 86' lang='lat' dir='ltr'><strong>mitigare·</strong></span> <span class='ocrx_word' id='word_1_535' title='bbox 3576 5075 3898 5144; x_wconf 86' lang='lat' dir='ltr'><strong>studerent,</strong></span> 
     </span>
     <span class='ocr_line' id='line_1_44' title="bbox 458 5175 3898 5258; baseline -0.001 -22"><span class='ocrx_word' id='word_1_536' title='bbox 458 5177 864 5238; x_wconf 85' lang='lat' dir='ltr'><strong>Hebraeorum</strong></span> <span class='ocrx_word' id='word_1_537' title='bbox 934 5198 1114 5256; x_wconf 89' lang='lat' dir='ltr'><strong>gens,</strong></span> <span class='ocrx_word' id='word_1_538' title='bbox 1189 5196 1295 5254; x_wconf 90' lang='lat' dir='ltr'><strong>per</strong></span> <span class='ocrx_word' id='word_1_539' title='bbox 1359 5200 1423 5240; x_wconf 89' lang='lat' dir='ltr'><strong>se</strong></span> <span class='ocrx_word' id='word_1_540' title='bbox 1488 5197 1676 5255; x_wconf 86' lang='lat' dir='ltr'><strong>parva</strong></span> <span class='ocrx_word' id='word_1_541' title='bbox 1742 5198 1814 5239; x_wconf 88' lang='lat' dir='ltr'><strong>ac</strong></span> <span class='ocrx_word' id='word_1_542' title='bbox 1892 5180 2097 5241; x_wconf 86' lang='lat' dir='ltr'><strong>debilis</strong></span> <span class='ocrx_word' id='word_1_543' title='bbox 2163 5181 2513 5258; x_wconf 83' lang='lat' dir='ltr'><strong>insuperque</strong></span> <span class='ocrx_word' id='word_1_544' title='bbox 2587 5183 2840 5257; x_wconf 86' lang='lat' dir='ltr'><strong>partium</strong></span> <span class='ocrx_word' id='word_1_545' title='bbox 2906 5179 3112 5240; x_wconf 84' lang='lat' dir='ltr'><strong>studiis</strong></span> <span class='ocrx_word' id='word_1_546' title='bbox 3195 5178 3572 5237; x_wconf 83' lang='lat' dir='ltr'><strong>vehementer</strong></span> <span class='ocrx_word' id='word_1_547' title='bbox 3649 5175 3898 5252; x_wconf 84' lang='lat' dir='ltr'><strong>agitata,</strong></span> 
     </span>
    </p>
   </div>
   <div class='ocr_carea' id='block_1_3' title="bbox 4138 0 4150 1337">
    <p class='ocr_par' dir='ltr' id='par_1_4' title="bbox 4138 0 4150 1337">
     <span class='ocr_line' id='line_1_45' title="bbox 4138 0 4150 1337; baseline 0 0"><span class='ocrx_word' id='word_1_548' title='bbox 4138 0 4150 1337; x_wconf 95' lang='lat' dir='ltr'><strong> </strong></span> 
     </span>
    </p>
   </div>
  </div>
 </body>
</html>
